
	<record>
		<leader>02254cam a2200373 i 4500</leader>
		<controlfield tag="005">20180529085415.0</controlfield>
		<controlfield tag="008">150105s2015 ilu b 001 0 eng</controlfield>
		<controlfield tag="001">991036904803803811</controlfield>
		<datafield ind1=" " ind2=" " tag="010">
			<subfield code="a">2014040988</subfield>
		</datafield>
		<datafield ind1=" " ind2=" " tag="020">
			<subfield code="a">9780838912997</subfield>
			<subfield code="q">(paper)</subfield>
		</datafield>
		<datafield ind1=" " ind2=" " tag="020">
			<subfield code="a">0838912990</subfield>
			<subfield code="q">(paper)</subfield>
		</datafield>
		<datafield ind1=" " ind2=" " tag="035">
			<subfield code="a">(OCoLC)899738043</subfield>
		</datafield>
		<datafield ind1=" " ind2=" " tag="040">
			<subfield code="a">DLC</subfield>
			<subfield code="b">eng</subfield>
			<subfield code="e">rda</subfield>
			<subfield code="c">DLC</subfield>
			<subfield code="d">IEH</subfield>
			<subfield code="d">FDA</subfield>
			<subfield code="d">MEU</subfield>
			<subfield code="d">KSU</subfield>
			<subfield code="d">ILC</subfield>
			<subfield code="d">CDX</subfield>
			<subfield code="d">C9Y</subfield>
			<subfield code="d">YDXCP</subfield>
			<subfield code="d">OCLCO</subfield>
			<subfield code="d">OCLCQ</subfield>
			<subfield code="d">OCLCO</subfield>
			<subfield code="d">BDX</subfield>
			<subfield code="d">CHVBK</subfield>
			<subfield code="d">IHI</subfield>
			<subfield code="d">OCLCO</subfield>
			<subfield code="d">OCLCA</subfield>
		</datafield>
		<datafield ind1=" " ind2=" " tag="042">
			<subfield code="a">pcc</subfield>
		</datafield>
		<datafield ind1="0" ind2="0" tag="050">
			<subfield code="a">Z695.64</subfield>
			<subfield code="b">.H54 2015</subfield>
		</datafield>
		<datafield ind1="0" ind2="0" tag="082">
			<subfield code="a">025.3/473</subfield>
			<subfield code="2">23</subfield>
		</datafield>
		<datafield ind1="1" ind2=" " tag="100">
			<subfield code="a">Higgins, Colin,</subfield>
			<subfield code="d">1979-</subfield>
			<subfield code="e">author.</subfield>
		</datafield>
		<datafield ind1="1" ind2="0" tag="245">
			<subfield code="a">Cataloging and managing film and video collections :</subfield>
			<subfield code="b">a guide to using RDA and MARC21 /</subfield>
			<subfield code="c">Colin Higgins.</subfield>
		</datafield>
		<datafield ind1=" " ind2="1" tag="264">
			<subfield code="a">Chicago :</subfield>
			<subfield code="b">ALA Editions, an imprint of the American Library Association,</subfield>
			<subfield code="c">[2015]</subfield>
		</datafield>
		<datafield ind1=" " ind2="4" tag="264">
			<subfield code="c">©2015</subfield>
		</datafield>
		<datafield ind1=" " ind2=" " tag="300">
			<subfield code="a">xi, 225 pages ;</subfield>
			<subfield code="c">23 cm</subfield>
		</datafield>
		<datafield ind1=" " ind2=" " tag="336">
			<subfield code="a">text</subfield>
			<subfield code="b">txt</subfield>
			<subfield code="2">rdacontent</subfield>
		</datafield>
		<datafield ind1=" " ind2=" " tag="337">
			<subfield code="a">unmediated</subfield>
			<subfield code="b">n</subfield>
			<subfield code="2">rdamedia</subfield>
		</datafield>
		<datafield ind1=" " ind2=" " tag="338">
			<subfield code="a">volume</subfield>
			<subfield code="b">nc</subfield>
			<subfield code="2">rdacarrier</subfield>
		</datafield>
		<datafield ind1=" " ind2=" " tag="504">
			<subfield code="a">Includes bibliographical references and index.</subfield>
		</datafield>
		<datafield ind1="0" ind2="0" tag="505">
			<subfield code="t">A brief history of film and its formats -- Production and distribution, cast and crew -- Contents -- Technical features -- Television -- Older, and unusual, formats -- MARC21 records and AACR2 -- Managing your collection -- Streaming video and the future of the optical disc -- Appendix 1. Sample records -- Appendix 2. Symbols found on DVDs, Blu-ray discs, and their cases.</subfield>
		</datafield>
		<datafield ind1=" " ind2=" " tag="520">
			<subfield code="a">Many librarians hesitate to embrace film, and develop film collections half-heartedly. A glance at some of the bibliographic description will show a diversity of inconsistent practice. Higgins addresses these concerns, and aims to offer librarians a primer on comprehending film itself: its formats, its vocabularies, and its participants. He shows how your collection development policies must cover questions of currency of titles and the physical storage of the items. (Source of description not identified).</subfield>
		</datafield>
		<datafield ind1=" " ind2=" " tag="546">
			<subfield code="a">Text in English.</subfield>
		</datafield>
		<datafield ind1=" " ind2="0" tag="650">
			<subfield code="a">Cataloging of motion pictures.</subfield>
		</datafield>
		<datafield ind1=" " ind2="0" tag="650">
			<subfield code="a">Cataloging of video recordings.</subfield>
		</datafield>
		<datafield ind1=" " ind2="0" tag="650">
			<subfield code="a">Libraries</subfield>
			<subfield code="x">Special collections</subfield>
			<subfield code="x">Motion pictures.</subfield>
		</datafield>
		<datafield ind1=" " ind2="0" tag="650">
			<subfield code="a">Libraries</subfield>
			<subfield code="x">Special collections.</subfield>
		</datafield>
		<datafield ind1=" " ind2=" " tag="979">
			<subfield code="a">(OCoLC)899738043</subfield>
		</datafield>
		<datafield ind1=" " ind2=" " tag="997">
			<subfield code="a">20180517095847.0</subfield>
			<subfield code="c">CDC</subfield>
			<subfield code="d">TEU</subfield>
			<subfield code="s">DLC</subfield>
			<subfield code="e">MARCIVE</subfield>
			<subfield code="e">WCAT</subfield>
		</datafield>
		<datafield ind1=" " ind2=" " tag="ADM">
			<subfield code="b">2018-06-20 18:13:51</subfield>
			<subfield code="e">ocn899738043</subfield>
			<subfield code="d">OCLC</subfield>
			<subfield code="f">20180524100934.0</subfield>
			<subfield code="a">2018-05-17 13:59:51</subfield>
			<subfield code="c">false</subfield>
		</datafield>
		<datafield ind1="0" ind2=" " tag="HLD">
			<subfield code="b">MAIN</subfield>
			<subfield code="c">techserv</subfield>
			<subfield code="h">Z695.64</subfield>
			<subfield code="i">.H54 2015</subfield>
			<subfield code="8">22426486010003811</subfield>
		</datafield>
		<datafield ind1=" " ind2=" " tag="ITM">
			<subfield code="r">22426486010003811</subfield>
			<subfield code="b">1</subfield>
			<subfield code="h">0</subfield>
			<subfield code="g">techserv</subfield>
			<subfield code="t">BOOK</subfield>
			<subfield code="9">39074025878695</subfield>
			<subfield code="e">techserv</subfield>
			<subfield code="8">23426485990003811</subfield>
			<subfield code="a">0</subfield>
			<subfield code="q">2018-05-17 14:00:24</subfield>
			<subfield code="i">Z695.64 .H54 2015</subfield>
			<subfield code="d">MAIN</subfield>
			<subfield code="f">MAIN</subfield>
		</datafield>
	</record>