
	<record>
		<leader>05575nas a22013570 4500</leader>
		<controlfield tag="005">20180315122836.0</controlfield>
		<controlfield tag="008">750806c19269999nyumn1p 0uuua1eng d</controlfield>
		<controlfield tag="001">991026168689703811</controlfield>
		<datafield ind1=" " ind2=" " tag="010">
			<subfield code="a">29015619 //r643</subfield>
		</datafield>
		<datafield ind1=" " ind2=" " tag="022">
			<subfield code="a">0004-4059</subfield>
		</datafield>
		<datafield ind1=" " ind2=" " tag="035">
			<subfield code="a">(PPT)b15405515-01tuli_inst</subfield>
		</datafield>
		<datafield ind1=" " ind2=" " tag="035">
			<subfield code="a">ocn471930676</subfield>
			<subfield code="9">ExL</subfield>
		</datafield>
		<datafield ind1=" " ind2=" " tag="035">
			<subfield code="a">PATG05816153S</subfield>
		</datafield>
		<datafield ind1=" " ind2=" " tag="035">
			<subfield code="a">ocm01514378</subfield>
		</datafield>
		<datafield ind1=" " ind2=" " tag="035">
			<subfield code="a">(OCLC)ocm01514378</subfield>
		</datafield>
		<datafield ind1=" " ind2=" " tag="040">
			<subfield code="a">MnMULS</subfield>
			<subfield code="c">MnMULS</subfield>
			<subfield code="d">FGULS</subfield>
			<subfield code="d">OCoLC</subfield>
			<subfield code="d">NIC</subfield>
			<subfield code="d">DLC</subfield>
			<subfield code="d">NSDP</subfield>
			<subfield code="d">OCoLC</subfield>
			<subfield code="d">NST</subfield>
		</datafield>
		<datafield ind1=" " ind2=" " tag="042">
			<subfield code="a">lc</subfield>
			<subfield code="a">nsdp</subfield>
		</datafield>
		<datafield ind1=" " ind2=" " tag="079">
			<subfield code="a">ocm01514378</subfield>
		</datafield>
		<datafield ind1=" " ind2=" " tag="090">
			<subfield code="a">N1.A415</subfield>
		</datafield>
		<datafield ind1="1" ind2="0" tag="222">
			<subfield code="a">Arts magazine</subfield>
			<subfield code="b">(New York)</subfield>
		</datafield>
		<datafield ind1="0" ind2="0" tag="245">
			<subfield code="a">Arts magazine.</subfield>
		</datafield>
		<datafield ind1="1" ind2="0" tag="247">
			<subfield code="a">Art digest</subfield>
			<subfield code="f">Nov. 1926-July 1954</subfield>
		</datafield>
		<datafield ind1="1" ind2="0" tag="247">
			<subfield code="a">Arts digest</subfield>
			<subfield code="f">Aug. 1954-Sept. 1955</subfield>
		</datafield>
		<datafield ind1="1" ind2="0" tag="247">
			<subfield code="a">Arts</subfield>
			<subfield code="f">Oct. 1955-May/June 1961</subfield>
		</datafield>
		<datafield ind1=" " ind2=" " tag="260">
			<subfield code="a">[New York, etc.</subfield>
			<subfield code="b">Art Digest Inc.]</subfield>
		</datafield>
		<datafield ind1=" " ind2=" " tag="265">
			<subfield code="a">Art Digest Inc., 23 E. 26th St., New York NY 10010</subfield>
		</datafield>
		<datafield ind1=" " ind2=" " tag="300">
			<subfield code="a">v.</subfield>
			<subfield code="b">ill. (part col.) ports.</subfield>
			<subfield code="c">29-32 cm.</subfield>
		</datafield>
		<datafield ind1=" " ind2=" " tag="310">
			<subfield code="a">Monthly (except July and Aug.)</subfield>
		</datafield>
		<datafield ind1="0" ind2=" " tag="362">
			<subfield code="a">v. 1- Nov. 1926-</subfield>
		</datafield>
		<datafield ind1=" " ind2=" " tag="500">
			<subfield code="a">"Ideas in contemporary art."</subfield>
		</datafield>
		<datafield ind1="0" ind2=" " tag="510">
			<subfield code="a">Art index</subfield>
		</datafield>
		<datafield ind1="0" ind2=" " tag="510">
			<subfield code="a">Readers' guide to periodical literature</subfield>
			<subfield code="x">0034-0464</subfield>
		</datafield>
		<datafield ind1="0" ind2=" " tag="510">
			<subfield code="a">Artbibliographies</subfield>
		</datafield>
		<datafield ind1="0" ind2=" " tag="510">
			<subfield code="a">RILA. Repertoire international de la litterature de l'art</subfield>
			<subfield code="x">0145-5982</subfield>
		</datafield>
		<datafield ind1=" " ind2=" " tag="530">
			<subfield code="a">Available on microfilm from University Microfilms.</subfield>
		</datafield>
		<datafield ind1=" " ind2="0" tag="650">
			<subfield code="a">Art</subfield>
			<subfield code="x">Periodicals.</subfield>
		</datafield>
		<datafield ind1=" " ind2=" " tag="907">
			<subfield code="a">.b15405515</subfield>
			<subfield code="b">multi</subfield>
			<subfield code="c">-</subfield>
		</datafield>
		<datafield ind1=" " ind2=" " tag="935">
			<subfield code="a">00581615</subfield>
		</datafield>
		<datafield ind1=" " ind2=" " tag="945">
			<subfield code="l">kstk </subfield>
			<subfield code="u">v.v.5 (Oct. 1, 1930-Sep. 1, 1931)</subfield>
			<subfield code="g">1</subfield>
		</datafield>
		<datafield ind1=" " ind2=" " tag="945">
			<subfield code="l">kstk </subfield>
			<subfield code="u">v.v.9 (Oct. 1, 1934-Sep. 1, 1935)</subfield>
			<subfield code="g">1</subfield>
		</datafield>
		<datafield ind1=" " ind2=" " tag="945">
			<subfield code="l">kstk </subfield>
			<subfield code="u">v.v.10 (Oct. 1935-Sep. 1936)</subfield>
			<subfield code="g">1</subfield>
		</datafield>
		<datafield ind1=" " ind2=" " tag="945">
			<subfield code="l">kstk </subfield>
			<subfield code="u">v.v.11 (Oct. 1, 1936-Sep. 1, 1937)</subfield>
			<subfield code="g">1</subfield>
		</datafield>
		<datafield ind1=" " ind2=" " tag="945">
			<subfield code="l">kstk </subfield>
			<subfield code="u">v.v.12 (Oct. 1, 1937-Sep. 1, 1938)</subfield>
			<subfield code="g">1</subfield>
		</datafield>
		<datafield ind1=" " ind2=" " tag="945">
			<subfield code="l">kstk </subfield>
			<subfield code="u">v.v.13 (Oct. 1, 1938-Sep. 1, 1939)</subfield>
			<subfield code="g">1</subfield>
		</datafield>
		<datafield ind1=" " ind2=" " tag="945">
			<subfield code="l">kstk </subfield>
			<subfield code="u">v.v.14 (Oct. 1, 1939-Sep. 1, 1940)</subfield>
			<subfield code="g">1</subfield>
		</datafield>
		<datafield ind1=" " ind2=" " tag="945">
			<subfield code="l">kstk </subfield>
			<subfield code="u">v.v.15 (Oct. 1, 1940-Sep. 1, 1941)</subfield>
			<subfield code="g">1</subfield>
		</datafield>
		<datafield ind1=" " ind2=" " tag="945">
			<subfield code="l">kstk </subfield>
			<subfield code="u">v.v.16 (Oct. 1, 1941-Sep. 1, 1942)</subfield>
			<subfield code="g">1</subfield>
		</datafield>
		<datafield ind1=" " ind2=" " tag="945">
			<subfield code="l">kstk </subfield>
			<subfield code="u">v.v.17 (Oct. 1, 1942-Sep. 1, 1943)</subfield>
			<subfield code="g">1</subfield>
		</datafield>
		<datafield ind1=" " ind2=" " tag="945">
			<subfield code="l">kstk </subfield>
			<subfield code="u">v.v.18 (Oct. 1, 1943-Sep. 1, 1944)</subfield>
			<subfield code="g">1</subfield>
		</datafield>
		<datafield ind1=" " ind2=" " tag="945">
			<subfield code="l">kstk </subfield>
			<subfield code="u">v.v.19 (Oct. 1, 1944-Sep. 15, 1945)</subfield>
			<subfield code="g">1</subfield>
		</datafield>
		<datafield ind1=" " ind2=" " tag="945">
			<subfield code="l">kstk </subfield>
			<subfield code="u">v.v.20 (Oct. 1, 1945-Sep. 15, 1946)</subfield>
			<subfield code="g">1</subfield>
		</datafield>
		<datafield ind1=" " ind2=" " tag="945">
			<subfield code="l">kstk </subfield>
			<subfield code="u">v.v.21 (Oct. 1946-Sep. 1947)</subfield>
			<subfield code="g">1</subfield>
		</datafield>
		<datafield ind1=" " ind2=" " tag="945">
			<subfield code="l">kstk </subfield>
			<subfield code="u">v.v.22 (Oct. 1, 1947-Sep. 15, 1948)</subfield>
			<subfield code="g">1</subfield>
		</datafield>
		<datafield ind1=" " ind2=" " tag="945">
			<subfield code="l">kstk </subfield>
			<subfield code="u">v.v.23 (Oct. 1948-Sep. 1949)</subfield>
			<subfield code="g">1</subfield>
		</datafield>
		<datafield ind1=" " ind2=" " tag="945">
			<subfield code="l">kstk </subfield>
			<subfield code="u">v.v.24 (Oct. 1949-Sep. 1950)</subfield>
			<subfield code="g">1</subfield>
		</datafield>
		<datafield ind1=" " ind2=" " tag="945">
			<subfield code="l">kstk </subfield>
			<subfield code="u">v.v.25 (Oct. 1950-Sep. 1951)</subfield>
			<subfield code="g">1</subfield>
		</datafield>
		<datafield ind1=" " ind2=" " tag="945">
			<subfield code="l">kstk </subfield>
			<subfield code="u">v.v.26 (Oct. 1951-Sep. 1952)</subfield>
			<subfield code="g">1</subfield>
		</datafield>
		<datafield ind1=" " ind2=" " tag="945">
			<subfield code="l">kstk </subfield>
			<subfield code="u">v.v.27 (Oct. 1952-Sep. 1953)</subfield>
			<subfield code="g">1</subfield>
		</datafield>
		<datafield ind1=" " ind2=" " tag="945">
			<subfield code="l">kstk </subfield>
			<subfield code="u">v.v.28 (Oct. 1953-Sep. 1954)</subfield>
			<subfield code="g">1</subfield>
		</datafield>
		<datafield ind1=" " ind2=" " tag="945">
			<subfield code="l">kstk </subfield>
			<subfield code="u">v.v.29 (Oct. 1954-Sep. 1955)</subfield>
			<subfield code="g">1</subfield>
		</datafield>
		<datafield ind1=" " ind2=" " tag="945">
			<subfield code="l">kstk </subfield>
			<subfield code="u">v.v.30 (Oct. 1955-Sep. 1956)</subfield>
			<subfield code="g">1</subfield>
		</datafield>
		<datafield ind1=" " ind2=" " tag="945">
			<subfield code="l">kstk </subfield>
			<subfield code="u">v.v.31 (Oct. 1956-Sept. 1957)</subfield>
			<subfield code="g">1</subfield>
		</datafield>
		<datafield ind1=" " ind2=" " tag="945">
			<subfield code="l">kstk </subfield>
			<subfield code="u">v.v.32 (Oct. 1957-Sep. 1958)</subfield>
			<subfield code="g">1</subfield>
		</datafield>
		<datafield ind1=" " ind2=" " tag="945">
			<subfield code="l">kstk </subfield>
			<subfield code="u">v.v.33 (Oct. 1958-Sep. 1959)</subfield>
			<subfield code="g">1</subfield>
		</datafield>
		<datafield ind1=" " ind2=" " tag="945">
			<subfield code="l">kstk </subfield>
			<subfield code="u">v.v.34 (Oct. 1959-Sep. 1960)</subfield>
			<subfield code="g">1</subfield>
		</datafield>
		<datafield ind1=" " ind2=" " tag="945">
			<subfield code="l">kstk </subfield>
			<subfield code="u">v.v.35 (Oct. 1960-Sep. 1961)</subfield>
			<subfield code="g">1</subfield>
		</datafield>
		<datafield ind1=" " ind2=" " tag="945">
			<subfield code="l">kstk </subfield>
			<subfield code="u">v.v.36 (Oct. 1961-Sep. 1962)</subfield>
			<subfield code="g">1</subfield>
		</datafield>
		<datafield ind1=" " ind2=" " tag="945">
			<subfield code="l">kstk </subfield>
			<subfield code="u">v.v.37 (Oct. 1962-Sep. 1963)</subfield>
			<subfield code="g">1</subfield>
		</datafield>
		<datafield ind1=" " ind2=" " tag="945">
			<subfield code="l">kstk </subfield>
			<subfield code="u">v.v.38 (Oct. 1963-Sep. 1964)</subfield>
			<subfield code="g">1</subfield>
		</datafield>
		<datafield ind1=" " ind2=" " tag="945">
			<subfield code="l">kstk </subfield>
			<subfield code="u">v.v.39 (Oct. 1964-Oct. 1965)</subfield>
			<subfield code="g">1</subfield>
		</datafield>
		<datafield ind1=" " ind2=" " tag="945">
			<subfield code="l">kstk </subfield>
			<subfield code="u">v.v.40 (Nov.1965-Oct.1966); Missing #2 and 5</subfield>
			<subfield code="g">1</subfield>
		</datafield>
		<datafield ind1=" " ind2=" " tag="945">
			<subfield code="l">kstk </subfield>
			<subfield code="u">v.v.41 (no.1 1966)</subfield>
			<subfield code="g">1</subfield>
		</datafield>
		<datafield ind1=" " ind2=" " tag="945">
			<subfield code="l">kstk </subfield>
			<subfield code="u">v.v.41 Apr. 1967</subfield>
			<subfield code="g">1</subfield>
		</datafield>
		<datafield ind1=" " ind2=" " tag="945">
			<subfield code="l">kstk </subfield>
			<subfield code="u">v.v.42 (Sep. 1967-Sum. 1968)</subfield>
			<subfield code="g">1</subfield>
		</datafield>
		<datafield ind1=" " ind2=" " tag="945">
			<subfield code="l">kstk </subfield>
			<subfield code="u">v.v.43 (Sep. 1968-Sum. 1969)</subfield>
			<subfield code="g">1</subfield>
		</datafield>
		<datafield ind1=" " ind2=" " tag="945">
			<subfield code="l">kstk </subfield>
			<subfield code="u">v.v.44 (Sep. 1969-Sum. 1970)</subfield>
			<subfield code="g">1</subfield>
		</datafield>
		<datafield ind1=" " ind2=" " tag="945">
			<subfield code="l">kstk </subfield>
			<subfield code="u">v.v.45 (Sep. 1970-Sum. 1971)</subfield>
			<subfield code="g">1</subfield>
		</datafield>
		<datafield ind1=" " ind2=" " tag="945">
			<subfield code="l">kstk </subfield>
			<subfield code="u">v.v.46 (Sept.1971-Sum.1972); Missing #3 and 4</subfield>
			<subfield code="g">1</subfield>
		</datafield>
		<datafield ind1=" " ind2=" " tag="945">
			<subfield code="l">kstk </subfield>
			<subfield code="u">v.v.47 (Sep. 1972-Jun. 1973)</subfield>
			<subfield code="g">1</subfield>
		</datafield>
		<datafield ind1=" " ind2=" " tag="945">
			<subfield code="l">kstk </subfield>
			<subfield code="u">v.v.48 (Sep. 1973-Jun. 1974)</subfield>
			<subfield code="g">1</subfield>
		</datafield>
		<datafield ind1=" " ind2=" " tag="945">
			<subfield code="l">kstk </subfield>
			<subfield code="u">v.v.49 (Sep. 1974-Jun. 1975)</subfield>
			<subfield code="g">1</subfield>
		</datafield>
		<datafield ind1=" " ind2=" " tag="945">
			<subfield code="l">kstk </subfield>
			<subfield code="u">v.v.50 (Sep. 1975-Jun. 1976)</subfield>
			<subfield code="g">1</subfield>
		</datafield>
		<datafield ind1=" " ind2=" " tag="945">
			<subfield code="l">kstk </subfield>
			<subfield code="u">v.v.51 (Sep. 1976-Jun. 1977)</subfield>
			<subfield code="g">1</subfield>
		</datafield>
		<datafield ind1=" " ind2=" " tag="945">
			<subfield code="l">kstk </subfield>
			<subfield code="u">v.v.52 (Jan.-Jun. 1978)</subfield>
			<subfield code="g">1</subfield>
		</datafield>
		<datafield ind1=" " ind2=" " tag="945">
			<subfield code="l">kstk </subfield>
			<subfield code="u">v.v.52 (Jan.-Jun.1978)</subfield>
			<subfield code="g">1</subfield>
		</datafield>
		<datafield ind1=" " ind2=" " tag="945">
			<subfield code="l">kstk </subfield>
			<subfield code="u">v.v.52 (Sep.-Dec. 1977)</subfield>
			<subfield code="g">1</subfield>
		</datafield>
		<datafield ind1=" " ind2=" " tag="945">
			<subfield code="l">kstk </subfield>
			<subfield code="u">v.v.53 (Jan.-Jun. 1979)</subfield>
			<subfield code="g">1</subfield>
		</datafield>
		<datafield ind1=" " ind2=" " tag="945">
			<subfield code="l">kstk </subfield>
			<subfield code="u">v.v.53 (Sep.-Dec. 1978)</subfield>
			<subfield code="g">1</subfield>
		</datafield>
		<datafield ind1=" " ind2=" " tag="945">
			<subfield code="l">kstk </subfield>
			<subfield code="u">v.v.54 (Jan.-Jun. 1980)</subfield>
			<subfield code="g">1</subfield>
		</datafield>
		<datafield ind1=" " ind2=" " tag="945">
			<subfield code="l">kstk </subfield>
			<subfield code="u">v.v.54 (Sep.-Dec. 1979)</subfield>
			<subfield code="g">1</subfield>
		</datafield>
		<datafield ind1=" " ind2=" " tag="945">
			<subfield code="l">kstk </subfield>
			<subfield code="u">v.v.55 (Jan.-Jun. 1981)</subfield>
			<subfield code="g">1</subfield>
		</datafield>
		<datafield ind1=" " ind2=" " tag="945">
			<subfield code="l">kstk </subfield>
			<subfield code="u">v.v.55 (Sep.-Dec. 1980)</subfield>
			<subfield code="g">1</subfield>
		</datafield>
		<datafield ind1=" " ind2=" " tag="945">
			<subfield code="l">kstk </subfield>
			<subfield code="u">v.v.56 (Jan.-Jun. 1982)</subfield>
			<subfield code="g">1</subfield>
		</datafield>
		<datafield ind1=" " ind2=" " tag="945">
			<subfield code="l">kstk </subfield>
			<subfield code="u">v.v.56 (Sep.-Dec. 1981)</subfield>
			<subfield code="g">1</subfield>
		</datafield>
		<datafield ind1=" " ind2=" " tag="945">
			<subfield code="l">kstk </subfield>
			<subfield code="u">v.v.57 (Jan.-Jun. 1983)</subfield>
			<subfield code="g">1</subfield>
		</datafield>
		<datafield ind1=" " ind2=" " tag="945">
			<subfield code="l">kstk </subfield>
			<subfield code="u">v.v.57 (Sep.-Dec. 1982)</subfield>
			<subfield code="g">1</subfield>
		</datafield>
		<datafield ind1=" " ind2=" " tag="945">
			<subfield code="l">kstk </subfield>
			<subfield code="u">v.v.58 (Jan.-Sum. 1984)</subfield>
			<subfield code="g">1</subfield>
		</datafield>
		<datafield ind1=" " ind2=" " tag="945">
			<subfield code="l">kstk </subfield>
			<subfield code="u">v.v.58 (Sep.-Dec. 1983)</subfield>
			<subfield code="g">1</subfield>
		</datafield>
		<datafield ind1=" " ind2=" " tag="945">
			<subfield code="l">kstk </subfield>
			<subfield code="u">v.v.59 (Jan.-Sum. 1985)</subfield>
			<subfield code="g">1</subfield>
		</datafield>
		<datafield ind1=" " ind2=" " tag="945">
			<subfield code="l">kstk </subfield>
			<subfield code="u">v.v.59 (Sep.-Dec. 1984)</subfield>
			<subfield code="g">1</subfield>
		</datafield>
		<datafield ind1=" " ind2=" " tag="945">
			<subfield code="l">kstk </subfield>
			<subfield code="u">v.v.60 (Jan.-Sum. 1986)</subfield>
			<subfield code="g">1</subfield>
		</datafield>
		<datafield ind1=" " ind2=" " tag="945">
			<subfield code="l">kstk </subfield>
			<subfield code="u">v.v.60 (Sep.-Dec. 1985)</subfield>
			<subfield code="g">1</subfield>
		</datafield>
		<datafield ind1=" " ind2=" " tag="945">
			<subfield code="l">kstk </subfield>
			<subfield code="u">v.v.61 (Jan.-Sum. 1987)</subfield>
			<subfield code="g">1</subfield>
		</datafield>
		<datafield ind1=" " ind2=" " tag="945">
			<subfield code="l">kstk </subfield>
			<subfield code="u">v.v.61 (Sep.-Dec. 1986)</subfield>
			<subfield code="g">1</subfield>
		</datafield>
		<datafield ind1=" " ind2=" " tag="945">
			<subfield code="l">kstk </subfield>
			<subfield code="u">v.v.62 (Jan.-Sum. 1988)</subfield>
			<subfield code="g">1</subfield>
		</datafield>
		<datafield ind1=" " ind2=" " tag="945">
			<subfield code="l">kstk </subfield>
			<subfield code="u">v.v.62 (Sep.-Dec. 1987)</subfield>
			<subfield code="g">1</subfield>
		</datafield>
		<datafield ind1=" " ind2=" " tag="945">
			<subfield code="l">kstk </subfield>
			<subfield code="u">v.v.63 (Jan.-Sum. 1989)</subfield>
			<subfield code="g">1</subfield>
		</datafield>
		<datafield ind1=" " ind2=" " tag="945">
			<subfield code="l">kstk </subfield>
			<subfield code="u">v.v.63 (Sep.-Dec. 1988)</subfield>
			<subfield code="g">1</subfield>
		</datafield>
		<datafield ind1=" " ind2=" " tag="945">
			<subfield code="l">kstk </subfield>
			<subfield code="u">v.v.64 (Jan.-Sum. 1990)</subfield>
			<subfield code="g">1</subfield>
		</datafield>
		<datafield ind1=" " ind2=" " tag="945">
			<subfield code="l">kstk </subfield>
			<subfield code="u">v.v.64 (Sep.-Dec. 1989)</subfield>
			<subfield code="g">1</subfield>
		</datafield>
		<datafield ind1=" " ind2=" " tag="945">
			<subfield code="l">kstk </subfield>
			<subfield code="u">v.v.65 (Oct.-Dec. 1990)</subfield>
			<subfield code="g">1</subfield>
		</datafield>
		<datafield ind1=" " ind2=" " tag="945">
			<subfield code="l">pstk </subfield>
			<subfield code="u">v.v.65 (Jan.-Jun. 1991)</subfield>
			<subfield code="g">1</subfield>
		</datafield>
		<datafield ind1=" " ind2=" " tag="945">
			<subfield code="l">pstk </subfield>
			<subfield code="u">v.v.66 (1992)</subfield>
			<subfield code="g">1</subfield>
		</datafield>
		<datafield ind1=" " ind2=" " tag="945">
			<subfield code="l">pstk </subfield>
			<subfield code="u">v.v.66 (Sep.-Dec. 1991)</subfield>
			<subfield code="g">1</subfield>
		</datafield>
		<datafield ind1=" " ind2=" " tag="979">
			<subfield code="a">ocm01514378</subfield>
		</datafield>
		<datafield ind1=" " ind2=" " tag="998">
			<subfield code="b">79</subfield>
			<subfield code="c">990101</subfield>
			<subfield code="d">s</subfield>
			<subfield code="e">a</subfield>
			<subfield code="f">-</subfield>
			<subfield code="g">0</subfield>
		</datafield>
		<datafield ind1=" " ind2=" " tag="ADM">
			<subfield code="b">2018-03-15 16:28:36</subfield>
			<subfield code="e">b15405515-01tuli_inst</subfield>
			<subfield code="d">ILS</subfield>
			<subfield code="a">2017-06-20 13:47:51</subfield>
			<subfield code="c">false</subfield>
		</datafield>
		<datafield ind1="0" ind2=" " tag="HLD">
			<subfield code="b">MAIN</subfield>
			<subfield code="c">stacks</subfield>
			<subfield code="h">N1.A415</subfield>
			<subfield code="x">RETENTION: -</subfield>
			<subfield code="8">22327346080003811</subfield>
		</datafield>
		<datafield ind1=" " ind2="0" tag="HLD866">
			<subfield code="a">v.22-v.66, no.8 (1947-Apr. 1992)</subfield>
			<subfield code="8">22327346080003811</subfield>
		</datafield>
		<datafield ind1=" " ind2=" " tag="HLD">
			<subfield code="b">ROME</subfield>
			<subfield code="c">serials</subfield>
			<subfield code="h">Shelved by title</subfield>
			<subfield code="x">RETENTION: -</subfield>
			<subfield code="8">22327346830003811</subfield>
		</datafield>
		<datafield ind1=" " ind2="0" tag="HLD866">
			<subfield code="a">v.42-66(1967-1991) Some issues missing.</subfield>
			<subfield code="8">22327346830003811</subfield>
		</datafield>
		<datafield ind1="0" ind2=" " tag="HLD">
			<subfield code="b">KARDON</subfield>
			<subfield code="c">p_remote</subfield>
			<subfield code="h">N1.A415</subfield>
			<subfield code="x">FREQUENCY: a | SCODE3: -</subfield>
			<subfield code="8">22327346820003811</subfield>
		</datafield>
		<datafield ind1=" " ind2="0" tag="HLD866">
			<subfield code="a">Some volumes are in the Library Depository</subfield>
			<subfield code="8">22327346820003811</subfield>
		</datafield>
		<datafield ind1=" " ind2=" " tag="ITM">
			<subfield code="r">22327346820003811</subfield>
			<subfield code="b">1</subfield>
			<subfield code="h">0</subfield>
			<subfield code="g">p_remote</subfield>
			<subfield code="t">ISSUE</subfield>
			<subfield code="9">39074023030497</subfield>
			<subfield code="e">p_remote</subfield>
			<subfield code="8">23327346370003811</subfield>
			<subfield code="c">v.40 (Nov.1965-Oct.1966) Missing #2 and 5</subfield>
			<subfield code="a">2</subfield>
			<subfield code="q">2017-06-20 13:47:51</subfield>
			<subfield code="i">N1.A415</subfield>
			<subfield code="d">KARDON</subfield>
			<subfield code="f">KARDON</subfield>
		</datafield>
		<datafield ind1=" " ind2=" " tag="ITM">
			<subfield code="r">22327346820003811</subfield>
			<subfield code="b">1</subfield>
			<subfield code="h">0</subfield>
			<subfield code="g">p_remote</subfield>
			<subfield code="t">ISSUE</subfield>
			<subfield code="9">39074021774187</subfield>
			<subfield code="e">p_remote</subfield>
			<subfield code="8">23327346540003811</subfield>
			<subfield code="c">v.12 (Oct. 1, 1937-Sep. 1, 1938)</subfield>
			<subfield code="a">2</subfield>
			<subfield code="q">2017-06-20 13:47:51</subfield>
			<subfield code="i">N1.A415</subfield>
			<subfield code="d">KARDON</subfield>
			<subfield code="f">KARDON</subfield>
		</datafield>
		<datafield ind1=" " ind2=" " tag="ITM">
			<subfield code="r">22327346820003811</subfield>
			<subfield code="b">1</subfield>
			<subfield code="h">0</subfield>
			<subfield code="g">p_remote</subfield>
			<subfield code="t">ISSUE</subfield>
			<subfield code="9">39074016917874</subfield>
			<subfield code="e">p_remote</subfield>
			<subfield code="8">23327346190003811</subfield>
			<subfield code="c">v.60 (Jan.-Sum. 1986)</subfield>
			<subfield code="a">2</subfield>
			<subfield code="q">2017-06-20 13:47:51</subfield>
			<subfield code="i">N1.A415</subfield>
			<subfield code="d">KARDON</subfield>
			<subfield code="f">KARDON</subfield>
		</datafield>
		<datafield ind1=" " ind2=" " tag="ITM">
			<subfield code="r">22327346820003811</subfield>
			<subfield code="b">1</subfield>
			<subfield code="h">0</subfield>
			<subfield code="g">p_remote</subfield>
			<subfield code="t">ISSUE</subfield>
			<subfield code="9">39074016927451</subfield>
			<subfield code="e">p_remote</subfield>
			<subfield code="8">23327346700003811</subfield>
			<subfield code="c">v.43 (Sep. 1968-Sum. 1969)</subfield>
			<subfield code="a">2</subfield>
			<subfield code="q">2017-06-20 13:47:51</subfield>
			<subfield code="i">N1.A415</subfield>
			<subfield code="d">KARDON</subfield>
			<subfield code="f">KARDON</subfield>
		</datafield>
		<datafield ind1=" " ind2=" " tag="ITM">
			<subfield code="r">22327346820003811</subfield>
			<subfield code="b">1</subfield>
			<subfield code="h">0</subfield>
			<subfield code="g">p_remote</subfield>
			<subfield code="t">ISSUE</subfield>
			<subfield code="9">39074016927436</subfield>
			<subfield code="e">p_remote</subfield>
			<subfield code="8">23327346710003811</subfield>
			<subfield code="c">v.42 (Sep. 1967-Sum. 1968)</subfield>
			<subfield code="a">2</subfield>
			<subfield code="q">2017-06-20 13:47:51</subfield>
			<subfield code="i">N1.A415</subfield>
			<subfield code="d">KARDON</subfield>
			<subfield code="f">KARDON</subfield>
		</datafield>
		<datafield ind1=" " ind2=" " tag="ITM">
			<subfield code="r">22327346820003811</subfield>
			<subfield code="b">1</subfield>
			<subfield code="h">0</subfield>
			<subfield code="g">p_remote</subfield>
			<subfield code="t">ISSUE</subfield>
			<subfield code="9">39074016927428</subfield>
			<subfield code="e">p_remote</subfield>
			<subfield code="8">23327346720003811</subfield>
			<subfield code="c">v.39 (Oct. 1964-Oct. 1965)</subfield>
			<subfield code="a">2</subfield>
			<subfield code="q">2017-06-20 13:47:51</subfield>
			<subfield code="i">N1.A415</subfield>
			<subfield code="d">KARDON</subfield>
			<subfield code="f">KARDON</subfield>
		</datafield>
		<datafield ind1=" " ind2=" " tag="ITM">
			<subfield code="r">22327346820003811</subfield>
			<subfield code="b">1</subfield>
			<subfield code="h">0</subfield>
			<subfield code="g">p_remote</subfield>
			<subfield code="t">ISSUE</subfield>
			<subfield code="9">39074016921421</subfield>
			<subfield code="e">p_remote</subfield>
			<subfield code="8">23327346350003811</subfield>
			<subfield code="c">v.28 (Oct. 1953-Sep. 1954)</subfield>
			<subfield code="a">2</subfield>
			<subfield code="q">2017-06-20 13:47:51</subfield>
			<subfield code="i">N1.A415</subfield>
			<subfield code="d">KARDON</subfield>
			<subfield code="f">KARDON</subfield>
		</datafield>
		<datafield ind1=" " ind2=" " tag="ITM">
			<subfield code="r">22327346820003811</subfield>
			<subfield code="b">1</subfield>
			<subfield code="h">0</subfield>
			<subfield code="g">p_remote</subfield>
			<subfield code="t">ISSUE</subfield>
			<subfield code="9">39074023023104</subfield>
			<subfield code="e">p_remote</subfield>
			<subfield code="8">23327346390003811</subfield>
			<subfield code="c">v.52 (Jan.-Jun.1978)</subfield>
			<subfield code="a">2</subfield>
			<subfield code="q">2017-06-20 13:47:51</subfield>
			<subfield code="i">N1.A415</subfield>
			<subfield code="d">KARDON</subfield>
			<subfield code="f">KARDON</subfield>
		</datafield>
		<datafield ind1=" " ind2=" " tag="ITM">
			<subfield code="r">22327346820003811</subfield>
			<subfield code="b">1</subfield>
			<subfield code="h">0</subfield>
			<subfield code="g">p_remote</subfield>
			<subfield code="t">ISSUE</subfield>
			<subfield code="9">39074016921561</subfield>
			<subfield code="e">p_remote</subfield>
			<subfield code="8">23327346340003811</subfield>
			<subfield code="c">v.29 (Oct. 1954-Sep. 1955)</subfield>
			<subfield code="a">2</subfield>
			<subfield code="q">2017-06-20 13:47:51</subfield>
			<subfield code="i">N1.A415</subfield>
			<subfield code="d">KARDON</subfield>
			<subfield code="f">KARDON</subfield>
		</datafield>
		<datafield ind1=" " ind2=" " tag="ITM">
			<subfield code="r">22327346820003811</subfield>
			<subfield code="b">1</subfield>
			<subfield code="h">0</subfield>
			<subfield code="g">p_remote</subfield>
			<subfield code="t">ISSUE</subfield>
			<subfield code="9">39074016921280</subfield>
			<subfield code="e">p_remote</subfield>
			<subfield code="8">23327346360003811</subfield>
			<subfield code="c">v.27 (Oct. 1952-Sep. 1953)</subfield>
			<subfield code="a">2</subfield>
			<subfield code="q">2017-06-20 13:47:51</subfield>
			<subfield code="i">N1.A415</subfield>
			<subfield code="d">KARDON</subfield>
			<subfield code="f">KARDON</subfield>
		</datafield>
		<datafield ind1=" " ind2=" " tag="ITM">
			<subfield code="r">22327346820003811</subfield>
			<subfield code="b">1</subfield>
			<subfield code="h">0</subfield>
			<subfield code="g">p_remote</subfield>
			<subfield code="t">ISSUE</subfield>
			<subfield code="9">39074023030489</subfield>
			<subfield code="e">p_remote</subfield>
			<subfield code="8">23327346380003811</subfield>
			<subfield code="c">v.46 (Sept.1971-Sum.1972) Missing #3 and 4</subfield>
			<subfield code="a">2</subfield>
			<subfield code="q">2017-06-20 13:47:51</subfield>
			<subfield code="i">N1.A415</subfield>
			<subfield code="d">KARDON</subfield>
			<subfield code="f">KARDON</subfield>
		</datafield>
		<datafield ind1=" " ind2=" " tag="ITM">
			<subfield code="r">22327346820003811</subfield>
			<subfield code="b">1</subfield>
			<subfield code="h">0</subfield>
			<subfield code="g">p_remote</subfield>
			<subfield code="t">ISSUE</subfield>
			<subfield code="9">39074021774088</subfield>
			<subfield code="e">p_remote</subfield>
			<subfield code="8">23327346500003811</subfield>
			<subfield code="c">v.16 (Oct. 1, 1941-Sep. 1, 1942)</subfield>
			<subfield code="a">2</subfield>
			<subfield code="q">2017-06-20 13:47:51</subfield>
			<subfield code="i">N1.A415</subfield>
			<subfield code="d">KARDON</subfield>
			<subfield code="f">KARDON</subfield>
		</datafield>
		<datafield ind1=" " ind2=" " tag="ITM">
			<subfield code="r">22327346820003811</subfield>
			<subfield code="b">1</subfield>
			<subfield code="h">0</subfield>
			<subfield code="g">p_remote</subfield>
			<subfield code="t">ISSUE</subfield>
			<subfield code="9">39074021774419</subfield>
			<subfield code="e">p_remote</subfield>
			<subfield code="8">23327346570003811</subfield>
			<subfield code="c">v.9 (Oct. 1, 1934-Sep. 1, 1935)</subfield>
			<subfield code="a">2</subfield>
			<subfield code="q">2017-06-20 13:47:51</subfield>
			<subfield code="i">N1.A415</subfield>
			<subfield code="d">KARDON</subfield>
			<subfield code="f">KARDON</subfield>
		</datafield>
		<datafield ind1=" " ind2=" " tag="ITM">
			<subfield code="r">22327346820003811</subfield>
			<subfield code="b">1</subfield>
			<subfield code="h">0</subfield>
			<subfield code="g">p_remote</subfield>
			<subfield code="t">ISSUE</subfield>
			<subfield code="9">39074021774203</subfield>
			<subfield code="e">p_remote</subfield>
			<subfield code="8">23327346580003811</subfield>
			<subfield code="c">v.5 (Oct. 1, 1930-Sep. 1, 1931)</subfield>
			<subfield code="a">2</subfield>
			<subfield code="q">2017-06-20 13:47:51</subfield>
			<subfield code="i">N1.A415</subfield>
			<subfield code="d">KARDON</subfield>
			<subfield code="f">KARDON</subfield>
		</datafield>
		<datafield ind1=" " ind2=" " tag="ITM">
			<subfield code="r">22327346820003811</subfield>
			<subfield code="b">1</subfield>
			<subfield code="h">0</subfield>
			<subfield code="g">p_remote</subfield>
			<subfield code="t">ISSUE</subfield>
			<subfield code="9">39074021774096</subfield>
			<subfield code="e">p_remote</subfield>
			<subfield code="8">23327346520003811</subfield>
			<subfield code="c">v.14 (Oct. 1, 1939-Sep. 1, 1940)</subfield>
			<subfield code="a">2</subfield>
			<subfield code="q">2017-06-20 13:47:51</subfield>
			<subfield code="i">N1.A415</subfield>
			<subfield code="d">KARDON</subfield>
			<subfield code="f">KARDON</subfield>
		</datafield>
		<datafield ind1=" " ind2=" " tag="ITM">
			<subfield code="r">22327346820003811</subfield>
			<subfield code="b">1</subfield>
			<subfield code="h">0</subfield>
			<subfield code="g">p_remote</subfield>
			<subfield code="t">ISSUE</subfield>
			<subfield code="9">39074021774294</subfield>
			<subfield code="e">p_remote</subfield>
			<subfield code="8">23327346550003811</subfield>
			<subfield code="c">v.11 (Oct. 1, 1936-Sep. 1, 1937)</subfield>
			<subfield code="a">2</subfield>
			<subfield code="q">2017-06-20 13:47:51</subfield>
			<subfield code="i">N1.A415</subfield>
			<subfield code="d">KARDON</subfield>
			<subfield code="f">KARDON</subfield>
		</datafield>
		<datafield ind1=" " ind2=" " tag="ITM">
			<subfield code="r">22327346820003811</subfield>
			<subfield code="b">1</subfield>
			<subfield code="h">0</subfield>
			<subfield code="g">p_remote</subfield>
			<subfield code="t">ISSUE</subfield>
			<subfield code="9">39074021774104</subfield>
			<subfield code="e">p_remote</subfield>
			<subfield code="8">23327346560003811</subfield>
			<subfield code="c">v.10 (Oct. 1935-Sep. 1936)</subfield>
			<subfield code="a">2</subfield>
			<subfield code="q">2017-06-20 13:47:51</subfield>
			<subfield code="i">N1.A415</subfield>
			<subfield code="d">KARDON</subfield>
			<subfield code="f">KARDON</subfield>
		</datafield>
		<datafield ind1=" " ind2=" " tag="ITM">
			<subfield code="r">22327346820003811</subfield>
			<subfield code="b">1</subfield>
			<subfield code="h">0</subfield>
			<subfield code="g">p_remote</subfield>
			<subfield code="t">ISSUE</subfield>
			<subfield code="9">39074016917742</subfield>
			<subfield code="e">p_remote</subfield>
			<subfield code="8">23327346590003811</subfield>
			<subfield code="c">v.54 (Sep.-Dec. 1979)</subfield>
			<subfield code="a">2</subfield>
			<subfield code="q">2017-06-20 13:47:51</subfield>
			<subfield code="i">N1.A415</subfield>
			<subfield code="d">KARDON</subfield>
			<subfield code="f">KARDON</subfield>
		</datafield>
		<datafield ind1=" " ind2=" " tag="ITM">
			<subfield code="r">22327346820003811</subfield>
			<subfield code="b">1</subfield>
			<subfield code="h">0</subfield>
			<subfield code="g">p_remote</subfield>
			<subfield code="t">ISSUE</subfield>
			<subfield code="9">39074021774195</subfield>
			<subfield code="e">p_remote</subfield>
			<subfield code="8">23327346510003811</subfield>
			<subfield code="c">v.15 (Oct. 1, 1940-Sep. 1, 1941)</subfield>
			<subfield code="a">2</subfield>
			<subfield code="q">2017-06-20 13:47:51</subfield>
			<subfield code="i">N1.A415</subfield>
			<subfield code="d">KARDON</subfield>
			<subfield code="f">KARDON</subfield>
		</datafield>
		<datafield ind1=" " ind2=" " tag="ITM">
			<subfield code="r">22327346820003811</subfield>
			<subfield code="b">1</subfield>
			<subfield code="h">0</subfield>
			<subfield code="g">p_remote</subfield>
			<subfield code="t">ISSUE</subfield>
			<subfield code="9">39074021774401</subfield>
			<subfield code="e">p_remote</subfield>
			<subfield code="8">23327346530003811</subfield>
			<subfield code="c">v.13 (Oct. 1, 1938-Sep. 1, 1939)</subfield>
			<subfield code="a">2</subfield>
			<subfield code="q">2017-06-20 13:47:51</subfield>
			<subfield code="i">N1.A415</subfield>
			<subfield code="d">KARDON</subfield>
			<subfield code="f">KARDON</subfield>
		</datafield>
		<datafield ind1=" " ind2=" " tag="ITM">
			<subfield code="r">22327346820003811</subfield>
			<subfield code="b">1</subfield>
			<subfield code="h">0</subfield>
			<subfield code="g">p_remote</subfield>
			<subfield code="t">ISSUE</subfield>
			<subfield code="9">39074016917932</subfield>
			<subfield code="e">p_remote</subfield>
			<subfield code="8">23327346130003811</subfield>
			<subfield code="c">v.63 (Sep.-Dec. 1988)</subfield>
			<subfield code="a">2</subfield>
			<subfield code="q">2017-06-20 13:47:51</subfield>
			<subfield code="i">N1.A415</subfield>
			<subfield code="d">KARDON</subfield>
			<subfield code="f">KARDON</subfield>
		</datafield>
		<datafield ind1=" " ind2=" " tag="ITM">
			<subfield code="r">22327346820003811</subfield>
			<subfield code="b">1</subfield>
			<subfield code="h">0</subfield>
			<subfield code="g">p_remote</subfield>
			<subfield code="t">ISSUE</subfield>
			<subfield code="9">39074023023104-i43836574</subfield>
			<subfield code="e">p_remote</subfield>
			<subfield code="8">23327346300003811</subfield>
			<subfield code="c">v.52 (Jan.-Jun. 1978)</subfield>
			<subfield code="a">2</subfield>
			<subfield code="q">2017-06-20 13:47:51</subfield>
			<subfield code="i">N1.A415</subfield>
			<subfield code="d">KARDON</subfield>
			<subfield code="f">KARDON</subfield>
		</datafield>
		<datafield ind1=" " ind2=" " tag="ITM">
			<subfield code="r">22327346820003811</subfield>
			<subfield code="b">1</subfield>
			<subfield code="h">0</subfield>
			<subfield code="g">p_remote</subfield>
			<subfield code="t">ISSUE</subfield>
			<subfield code="9">39074016917924</subfield>
			<subfield code="e">p_remote</subfield>
			<subfield code="8">23327346120003811</subfield>
			<subfield code="c">v.63 (Jan.-Sum. 1989)</subfield>
			<subfield code="a">2</subfield>
			<subfield code="q">2017-06-20 13:47:51</subfield>
			<subfield code="i">N1.A415</subfield>
			<subfield code="d">KARDON</subfield>
			<subfield code="f">KARDON</subfield>
		</datafield>
		<datafield ind1=" " ind2=" " tag="ITM">
			<subfield code="r">22327346820003811</subfield>
			<subfield code="b">1</subfield>
			<subfield code="h">0</subfield>
			<subfield code="g">p_remote</subfield>
			<subfield code="t">ISSUE</subfield>
			<subfield code="9">39074016917908</subfield>
			<subfield code="e">p_remote</subfield>
			<subfield code="8">23327346140003811</subfield>
			<subfield code="c">v.62 (Jan.-Sum. 1988)</subfield>
			<subfield code="a">2</subfield>
			<subfield code="q">2017-06-20 13:47:51</subfield>
			<subfield code="i">N1.A415</subfield>
			<subfield code="d">KARDON</subfield>
			<subfield code="f">KARDON</subfield>
		</datafield>
		<datafield ind1=" " ind2=" " tag="ITM">
			<subfield code="r">22327346820003811</subfield>
			<subfield code="b">1</subfield>
			<subfield code="h">0</subfield>
			<subfield code="g">p_remote</subfield>
			<subfield code="t">ISSUE</subfield>
			<subfield code="9">39074016917957</subfield>
			<subfield code="e">p_remote</subfield>
			<subfield code="8">23327346110003811</subfield>
			<subfield code="c">v.64 (Sep.-Dec. 1989)</subfield>
			<subfield code="a">2</subfield>
			<subfield code="q">2017-06-20 13:47:51</subfield>
			<subfield code="i">N1.A415</subfield>
			<subfield code="d">KARDON</subfield>
			<subfield code="f">KARDON</subfield>
		</datafield>
		<datafield ind1=" " ind2=" " tag="ITM">
			<subfield code="r">22327346820003811</subfield>
			<subfield code="b">1</subfield>
			<subfield code="h">0</subfield>
			<subfield code="g">p_remote</subfield>
			<subfield code="t">ISSUE</subfield>
			<subfield code="9">39074016917759</subfield>
			<subfield code="e">p_remote</subfield>
			<subfield code="8">23327346310003811</subfield>
			<subfield code="c">v.54 (Jan.-Jun. 1980)</subfield>
			<subfield code="a">2</subfield>
			<subfield code="q">2017-06-20 13:47:51</subfield>
			<subfield code="i">N1.A415</subfield>
			<subfield code="d">KARDON</subfield>
			<subfield code="f">KARDON</subfield>
		</datafield>
		<datafield ind1=" " ind2=" " tag="ITM">
			<subfield code="r">22327346820003811</subfield>
			<subfield code="b">1</subfield>
			<subfield code="h">0</subfield>
			<subfield code="g">p_remote</subfield>
			<subfield code="t">ISSUE</subfield>
			<subfield code="9">39074016864167</subfield>
			<subfield code="e">p_remote</subfield>
			<subfield code="8">23327346320003811</subfield>
			<subfield code="c">v.41 Apr. 1967</subfield>
			<subfield code="a">2</subfield>
			<subfield code="q">2017-06-20 13:47:51</subfield>
			<subfield code="i">N1.A415</subfield>
			<subfield code="d">KARDON</subfield>
			<subfield code="f">KARDON</subfield>
		</datafield>
		<datafield ind1=" " ind2=" " tag="ITM">
			<subfield code="r">22327346820003811</subfield>
			<subfield code="b">1</subfield>
			<subfield code="h">0</subfield>
			<subfield code="g">p_remote</subfield>
			<subfield code="t">ISSUE</subfield>
			<subfield code="9">39074016864159</subfield>
			<subfield code="e">p_remote</subfield>
			<subfield code="8">23327346330003811</subfield>
			<subfield code="c">v.41 (no.1 1966)</subfield>
			<subfield code="a">2</subfield>
			<subfield code="q">2017-06-20 13:47:51</subfield>
			<subfield code="i">N1.A415</subfield>
			<subfield code="d">KARDON</subfield>
			<subfield code="f">KARDON</subfield>
		</datafield>
		<datafield ind1=" " ind2=" " tag="ITM">
			<subfield code="r">22327346820003811</subfield>
			<subfield code="b">1</subfield>
			<subfield code="h">0</subfield>
			<subfield code="g">p_remote</subfield>
			<subfield code="t">ISSUE</subfield>
			<subfield code="9">39074016917940</subfield>
			<subfield code="e">p_remote</subfield>
			<subfield code="8">23327346100003811</subfield>
			<subfield code="c">v.64 (Jan.-Sum. 1990)</subfield>
			<subfield code="a">2</subfield>
			<subfield code="q">2017-06-20 13:47:51</subfield>
			<subfield code="i">N1.A415</subfield>
			<subfield code="d">KARDON</subfield>
			<subfield code="f">KARDON</subfield>
		</datafield>
		<datafield ind1=" " ind2=" " tag="ITM">
			<subfield code="r">22327346820003811</subfield>
			<subfield code="b">1</subfield>
			<subfield code="h">0</subfield>
			<subfield code="g">p_remote</subfield>
			<subfield code="t">ISSUE</subfield>
			<subfield code="9">39074016917916</subfield>
			<subfield code="e">p_remote</subfield>
			<subfield code="8">23327346150003811</subfield>
			<subfield code="c">v.62 (Sep.-Dec. 1987)</subfield>
			<subfield code="a">2</subfield>
			<subfield code="q">2017-06-20 13:47:51</subfield>
			<subfield code="i">N1.A415</subfield>
			<subfield code="d">KARDON</subfield>
			<subfield code="f">KARDON</subfield>
		</datafield>
		<datafield ind1=" " ind2=" " tag="ITM">
			<subfield code="r">22327346820003811</subfield>
			<subfield code="b">1</subfield>
			<subfield code="h">0</subfield>
			<subfield code="g">p_remote</subfield>
			<subfield code="t">ISSUE</subfield>
			<subfield code="9">39074016917882</subfield>
			<subfield code="e">p_remote</subfield>
			<subfield code="8">23327346160003811</subfield>
			<subfield code="c">v.61 (Sep.-Dec. 1986)</subfield>
			<subfield code="a">2</subfield>
			<subfield code="q">2017-06-20 13:47:51</subfield>
			<subfield code="i">N1.A415</subfield>
			<subfield code="d">KARDON</subfield>
			<subfield code="f">KARDON</subfield>
		</datafield>
		<datafield ind1=" " ind2=" " tag="ITM">
			<subfield code="r">22327346820003811</subfield>
			<subfield code="b">1</subfield>
			<subfield code="h">0</subfield>
			<subfield code="g">p_remote</subfield>
			<subfield code="t">ISSUE</subfield>
			<subfield code="9">39074016917890</subfield>
			<subfield code="e">p_remote</subfield>
			<subfield code="8">23327346170003811</subfield>
			<subfield code="c">v.61 (Jan.-Sum. 1987)</subfield>
			<subfield code="a">2</subfield>
			<subfield code="q">2017-06-20 13:47:51</subfield>
			<subfield code="i">N1.A415</subfield>
			<subfield code="d">KARDON</subfield>
			<subfield code="f">KARDON</subfield>
		</datafield>
		<datafield ind1=" " ind2=" " tag="ITM">
			<subfield code="r">22327346820003811</subfield>
			<subfield code="b">1</subfield>
			<subfield code="h">0</subfield>
			<subfield code="g">p_remote</subfield>
			<subfield code="t">ISSUE</subfield>
			<subfield code="9">39074016917866</subfield>
			<subfield code="e">p_remote</subfield>
			<subfield code="8">23327346180003811</subfield>
			<subfield code="c">v.60 (Sep.-Dec. 1985)</subfield>
			<subfield code="a">2</subfield>
			<subfield code="q">2017-06-20 13:47:51</subfield>
			<subfield code="i">N1.A415</subfield>
			<subfield code="d">KARDON</subfield>
			<subfield code="f">KARDON</subfield>
		</datafield>
		<datafield ind1=" " ind2=" " tag="ITM">
			<subfield code="r">22327346820003811</subfield>
			<subfield code="b">1</subfield>
			<subfield code="h">0</subfield>
			<subfield code="g">p_remote</subfield>
			<subfield code="t">ISSUE</subfield>
			<subfield code="9">39074016927378</subfield>
			<subfield code="e">p_remote</subfield>
			<subfield code="8">23327346770003811</subfield>
			<subfield code="c">v.34 (Oct. 1959-Sep. 1960)</subfield>
			<subfield code="a">2</subfield>
			<subfield code="q">2017-06-20 13:47:51</subfield>
			<subfield code="i">N1.A415</subfield>
			<subfield code="d">KARDON</subfield>
			<subfield code="f">KARDON</subfield>
		</datafield>
		<datafield ind1=" " ind2=" " tag="ITM">
			<subfield code="r">22327346820003811</subfield>
			<subfield code="b">1</subfield>
			<subfield code="h">0</subfield>
			<subfield code="g">p_remote</subfield>
			<subfield code="t">ISSUE</subfield>
			<subfield code="9">39074016927352</subfield>
			<subfield code="e">p_remote</subfield>
			<subfield code="8">23327346790003811</subfield>
			<subfield code="c">v.32 (Oct. 1957-Sep. 1958)</subfield>
			<subfield code="a">2</subfield>
			<subfield code="q">2017-06-20 13:47:51</subfield>
			<subfield code="i">N1.A415</subfield>
			<subfield code="d">KARDON</subfield>
			<subfield code="f">KARDON</subfield>
		</datafield>
		<datafield ind1=" " ind2=" " tag="ITM">
			<subfield code="r">22327346820003811</subfield>
			<subfield code="b">1</subfield>
			<subfield code="h">0</subfield>
			<subfield code="g">p_remote</subfield>
			<subfield code="t">ISSUE</subfield>
			<subfield code="9">39074016927469</subfield>
			<subfield code="e">p_remote</subfield>
			<subfield code="8">23327346680003811</subfield>
			<subfield code="c">v.45 (Sep. 1970-Sum. 1971)</subfield>
			<subfield code="a">2</subfield>
			<subfield code="q">2017-06-20 13:47:51</subfield>
			<subfield code="i">N1.A415</subfield>
			<subfield code="d">KARDON</subfield>
			<subfield code="f">KARDON</subfield>
		</datafield>
		<datafield ind1=" " ind2=" " tag="ITM">
			<subfield code="r">22327346820003811</subfield>
			<subfield code="b">1</subfield>
			<subfield code="h">0</subfield>
			<subfield code="g">p_remote</subfield>
			<subfield code="t">ISSUE</subfield>
			<subfield code="9">39074016927410</subfield>
			<subfield code="e">p_remote</subfield>
			<subfield code="8">23327346730003811</subfield>
			<subfield code="c">v.38 (Oct. 1963-Sep. 1964)</subfield>
			<subfield code="a">2</subfield>
			<subfield code="q">2017-06-20 13:47:51</subfield>
			<subfield code="i">N1.A415</subfield>
			<subfield code="d">KARDON</subfield>
			<subfield code="f">KARDON</subfield>
		</datafield>
		<datafield ind1=" " ind2=" " tag="ITM">
			<subfield code="r">22327346820003811</subfield>
			<subfield code="b">1</subfield>
			<subfield code="h">0</subfield>
			<subfield code="g">p_remote</subfield>
			<subfield code="t">ISSUE</subfield>
			<subfield code="9">39074016927394</subfield>
			<subfield code="e">p_remote</subfield>
			<subfield code="8">23327346750003811</subfield>
			<subfield code="c">v.36 (Oct. 1961-Sep. 1962)</subfield>
			<subfield code="a">2</subfield>
			<subfield code="q">2017-06-20 13:47:51</subfield>
			<subfield code="i">N1.A415</subfield>
			<subfield code="d">KARDON</subfield>
			<subfield code="f">KARDON</subfield>
		</datafield>
		<datafield ind1=" " ind2=" " tag="ITM">
			<subfield code="r">22327346820003811</subfield>
			<subfield code="b">1</subfield>
			<subfield code="h">0</subfield>
			<subfield code="g">p_remote</subfield>
			<subfield code="t">ISSUE</subfield>
			<subfield code="9">39074016927345</subfield>
			<subfield code="e">p_remote</subfield>
			<subfield code="8">23327346800003811</subfield>
			<subfield code="c">v.31 (Oct. 1956-Sept. 1957)</subfield>
			<subfield code="a">2</subfield>
			<subfield code="q">2017-06-20 13:47:51</subfield>
			<subfield code="i">N1.A415</subfield>
			<subfield code="d">KARDON</subfield>
			<subfield code="f">KARDON</subfield>
		</datafield>
		<datafield ind1=" " ind2=" " tag="ITM">
			<subfield code="r">22327346820003811</subfield>
			<subfield code="b">1</subfield>
			<subfield code="h">0</subfield>
			<subfield code="g">p_remote</subfield>
			<subfield code="t">ISSUE</subfield>
			<subfield code="9">39074016917775</subfield>
			<subfield code="e">p_remote</subfield>
			<subfield code="8">23327346280003811</subfield>
			<subfield code="c">v.55 (Sep.-Dec. 1980)</subfield>
			<subfield code="a">2</subfield>
			<subfield code="q">2017-06-20 13:47:51</subfield>
			<subfield code="i">N1.A415</subfield>
			<subfield code="d">KARDON</subfield>
			<subfield code="f">KARDON</subfield>
		</datafield>
		<datafield ind1=" " ind2=" " tag="ITM">
			<subfield code="r">22327346820003811</subfield>
			<subfield code="b">1</subfield>
			<subfield code="h">0</subfield>
			<subfield code="g">p_remote</subfield>
			<subfield code="t">ISSUE</subfield>
			<subfield code="9">39074016917767</subfield>
			<subfield code="e">p_remote</subfield>
			<subfield code="8">23327346290003811</subfield>
			<subfield code="c">v.55 (Jan.-Jun. 1981)</subfield>
			<subfield code="a">2</subfield>
			<subfield code="q">2017-06-20 13:47:51</subfield>
			<subfield code="i">N1.A415</subfield>
			<subfield code="d">KARDON</subfield>
			<subfield code="f">KARDON</subfield>
		</datafield>
		<datafield ind1=" " ind2=" " tag="ITM">
			<subfield code="r">22327346820003811</subfield>
			<subfield code="b">1</subfield>
			<subfield code="h">0</subfield>
			<subfield code="g">p_remote</subfield>
			<subfield code="t">ISSUE</subfield>
			<subfield code="9">39074016917726</subfield>
			<subfield code="e">p_remote</subfield>
			<subfield code="8">23327346620003811</subfield>
			<subfield code="c">v.52 (Sep.-Dec. 1977)</subfield>
			<subfield code="a">2</subfield>
			<subfield code="q">2017-06-20 13:47:51</subfield>
			<subfield code="i">N1.A415</subfield>
			<subfield code="d">KARDON</subfield>
			<subfield code="f">KARDON</subfield>
		</datafield>
		<datafield ind1=" " ind2=" " tag="ITM">
			<subfield code="r">22327346820003811</subfield>
			<subfield code="b">1</subfield>
			<subfield code="h">0</subfield>
			<subfield code="g">p_remote</subfield>
			<subfield code="t">ISSUE</subfield>
			<subfield code="9">39074021773858</subfield>
			<subfield code="e">p_remote</subfield>
			<subfield code="8">23327346440003811</subfield>
			<subfield code="c">v.22 (Oct. 1, 1947-Sep. 15, 1948)</subfield>
			<subfield code="a">2</subfield>
			<subfield code="q">2017-06-20 13:47:51</subfield>
			<subfield code="i">N1.A415</subfield>
			<subfield code="d">KARDON</subfield>
			<subfield code="f">KARDON</subfield>
		</datafield>
		<datafield ind1=" " ind2=" " tag="ITM">
			<subfield code="r">22327346820003811</subfield>
			<subfield code="b">1</subfield>
			<subfield code="h">0</subfield>
			<subfield code="g">p_remote</subfield>
			<subfield code="t">ISSUE</subfield>
			<subfield code="9">39074021773999</subfield>
			<subfield code="e">p_remote</subfield>
			<subfield code="8">23327346450003811</subfield>
			<subfield code="c">v.21 (Oct. 1946-Sep. 1947)</subfield>
			<subfield code="a">2</subfield>
			<subfield code="q">2017-06-20 13:47:51</subfield>
			<subfield code="i">N1.A415</subfield>
			<subfield code="d">KARDON</subfield>
			<subfield code="f">KARDON</subfield>
		</datafield>
		<datafield ind1=" " ind2=" " tag="ITM">
			<subfield code="r">22327346820003811</subfield>
			<subfield code="b">1</subfield>
			<subfield code="h">0</subfield>
			<subfield code="g">p_remote</subfield>
			<subfield code="t">ISSUE</subfield>
			<subfield code="9">39074021773981</subfield>
			<subfield code="e">p_remote</subfield>
			<subfield code="8">23327346460003811</subfield>
			<subfield code="c">v.20 (Oct. 1, 1945-Sep. 15, 1946)</subfield>
			<subfield code="a">2</subfield>
			<subfield code="q">2017-06-20 13:47:51</subfield>
			<subfield code="i">N1.A415</subfield>
			<subfield code="d">KARDON</subfield>
			<subfield code="f">KARDON</subfield>
		</datafield>
		<datafield ind1=" " ind2=" " tag="ITM">
			<subfield code="r">22327346820003811</subfield>
			<subfield code="b">1</subfield>
			<subfield code="h">0</subfield>
			<subfield code="g">p_remote</subfield>
			<subfield code="t">ISSUE</subfield>
			<subfield code="9">39074021773973</subfield>
			<subfield code="e">p_remote</subfield>
			<subfield code="8">23327346470003811</subfield>
			<subfield code="c">v.19 (Oct. 1, 1944-Sep. 15, 1945)</subfield>
			<subfield code="a">2</subfield>
			<subfield code="q">2017-06-20 13:47:51</subfield>
			<subfield code="i">N1.A415</subfield>
			<subfield code="d">KARDON</subfield>
			<subfield code="f">KARDON</subfield>
		</datafield>
		<datafield ind1=" " ind2=" " tag="ITM">
			<subfield code="r">22327346820003811</subfield>
			<subfield code="b">1</subfield>
			<subfield code="h">0</subfield>
			<subfield code="g">p_remote</subfield>
			<subfield code="t">ISSUE</subfield>
			<subfield code="9">39074016927501</subfield>
			<subfield code="e">p_remote</subfield>
			<subfield code="8">23327346640003811</subfield>
			<subfield code="c">v.50 (Sep. 1975-Jun. 1976)</subfield>
			<subfield code="a">2</subfield>
			<subfield code="q">2017-06-20 13:47:51</subfield>
			<subfield code="i">N1.A415</subfield>
			<subfield code="d">KARDON</subfield>
			<subfield code="f">KARDON</subfield>
		</datafield>
		<datafield ind1=" " ind2=" " tag="ITM">
			<subfield code="r">22327346820003811</subfield>
			<subfield code="b">1</subfield>
			<subfield code="h">0</subfield>
			<subfield code="g">p_remote</subfield>
			<subfield code="t">ISSUE</subfield>
			<subfield code="9">39074016926677</subfield>
			<subfield code="e">p_remote</subfield>
			<subfield code="8">23327346600003811</subfield>
			<subfield code="c">v.53 (Jan.-Jun. 1979)</subfield>
			<subfield code="a">2</subfield>
			<subfield code="q">2017-06-20 13:47:51</subfield>
			<subfield code="i">N1.A415</subfield>
			<subfield code="d">KARDON</subfield>
			<subfield code="f">KARDON</subfield>
		</datafield>
		<datafield ind1=" " ind2=" " tag="ITM">
			<subfield code="r">22327346820003811</subfield>
			<subfield code="b">1</subfield>
			<subfield code="h">0</subfield>
			<subfield code="g">p_remote</subfield>
			<subfield code="t">ISSUE</subfield>
			<subfield code="9">39074016917734</subfield>
			<subfield code="e">p_remote</subfield>
			<subfield code="8">23327346610003811</subfield>
			<subfield code="c">v.53 (Sep.-Dec. 1978)</subfield>
			<subfield code="a">2</subfield>
			<subfield code="q">2017-06-20 13:47:51</subfield>
			<subfield code="i">N1.A415</subfield>
			<subfield code="d">KARDON</subfield>
			<subfield code="f">KARDON</subfield>
		</datafield>
		<datafield ind1=" " ind2=" " tag="ITM">
			<subfield code="r">22327346820003811</subfield>
			<subfield code="b">1</subfield>
			<subfield code="h">0</subfield>
			<subfield code="g">p_remote</subfield>
			<subfield code="t">ISSUE</subfield>
			<subfield code="9">39074016917973</subfield>
			<subfield code="e">p_remote</subfield>
			<subfield code="8">23327346090003811</subfield>
			<subfield code="c">v.65 (Oct.-Dec. 1990)</subfield>
			<subfield code="a">2</subfield>
			<subfield code="q">2017-06-20 13:47:51</subfield>
			<subfield code="i">N1.A415</subfield>
			<subfield code="d">KARDON</subfield>
			<subfield code="f">KARDON</subfield>
		</datafield>
		<datafield ind1=" " ind2=" " tag="ITM">
			<subfield code="r">22327346820003811</subfield>
			<subfield code="b">1</subfield>
			<subfield code="h">0</subfield>
			<subfield code="g">p_remote</subfield>
			<subfield code="t">ISSUE</subfield>
			<subfield code="9">39074016917718</subfield>
			<subfield code="e">p_remote</subfield>
			<subfield code="8">23327346630003811</subfield>
			<subfield code="c">v.51 (Sep. 1976-Jun. 1977)</subfield>
			<subfield code="a">2</subfield>
			<subfield code="q">2017-06-20 13:47:51</subfield>
			<subfield code="i">N1.A415</subfield>
			<subfield code="d">KARDON</subfield>
			<subfield code="f">KARDON</subfield>
		</datafield>
		<datafield ind1=" " ind2=" " tag="ITM">
			<subfield code="r">22327346820003811</subfield>
			<subfield code="b">1</subfield>
			<subfield code="h">0</subfield>
			<subfield code="g">p_remote</subfield>
			<subfield code="t">ISSUE</subfield>
			<subfield code="9">39074016927493</subfield>
			<subfield code="e">p_remote</subfield>
			<subfield code="8">23327346650003811</subfield>
			<subfield code="c">v.49 (Sep. 1974-Jun. 1975)</subfield>
			<subfield code="a">2</subfield>
			<subfield code="q">2017-06-20 13:47:51</subfield>
			<subfield code="i">N1.A415</subfield>
			<subfield code="d">KARDON</subfield>
			<subfield code="f">KARDON</subfield>
		</datafield>
		<datafield ind1=" " ind2=" " tag="ITM">
			<subfield code="r">22327346820003811</subfield>
			<subfield code="b">1</subfield>
			<subfield code="h">0</subfield>
			<subfield code="g">p_remote</subfield>
			<subfield code="t">ISSUE</subfield>
			<subfield code="9">39074021774070</subfield>
			<subfield code="e">p_remote</subfield>
			<subfield code="8">23327346490003811</subfield>
			<subfield code="c">v.17 (Oct. 1, 1942-Sep. 1, 1943)</subfield>
			<subfield code="a">2</subfield>
			<subfield code="q">2017-06-20 13:47:51</subfield>
			<subfield code="i">N1.A415</subfield>
			<subfield code="d">KARDON</subfield>
			<subfield code="f">KARDON</subfield>
		</datafield>
		<datafield ind1=" " ind2=" " tag="ITM">
			<subfield code="r">22327346820003811</subfield>
			<subfield code="b">1</subfield>
			<subfield code="h">0</subfield>
			<subfield code="g">p_remote</subfield>
			<subfield code="t">ISSUE</subfield>
			<subfield code="9">39074016927485</subfield>
			<subfield code="e">p_remote</subfield>
			<subfield code="8">23327346660003811</subfield>
			<subfield code="c">v.48 (Sep. 1973-Jun. 1974)</subfield>
			<subfield code="a">2</subfield>
			<subfield code="q">2017-06-20 13:47:51</subfield>
			<subfield code="i">N1.A415</subfield>
			<subfield code="d">KARDON</subfield>
			<subfield code="f">KARDON</subfield>
		</datafield>
		<datafield ind1=" " ind2=" " tag="ITM">
			<subfield code="r">22327346820003811</subfield>
			<subfield code="b">1</subfield>
			<subfield code="h">0</subfield>
			<subfield code="g">p_remote</subfield>
			<subfield code="t">ISSUE</subfield>
			<subfield code="9">39074021773882</subfield>
			<subfield code="e">p_remote</subfield>
			<subfield code="8">23327346410003811</subfield>
			<subfield code="c">v.25 (Oct. 1950-Sep. 1951)</subfield>
			<subfield code="a">2</subfield>
			<subfield code="q">2017-06-20 13:47:51</subfield>
			<subfield code="i">N1.A415</subfield>
			<subfield code="d">KARDON</subfield>
			<subfield code="f">KARDON</subfield>
		</datafield>
		<datafield ind1=" " ind2=" " tag="ITM">
			<subfield code="r">22327346820003811</subfield>
			<subfield code="b">1</subfield>
			<subfield code="h">0</subfield>
			<subfield code="g">p_remote</subfield>
			<subfield code="t">ISSUE</subfield>
			<subfield code="9">39074021773965</subfield>
			<subfield code="e">p_remote</subfield>
			<subfield code="8">23327346480003811</subfield>
			<subfield code="c">v.18 (Oct. 1, 1943-Sep. 1, 1944)</subfield>
			<subfield code="a">2</subfield>
			<subfield code="q">2017-06-20 13:47:51</subfield>
			<subfield code="i">N1.A415</subfield>
			<subfield code="d">KARDON</subfield>
			<subfield code="f">KARDON</subfield>
		</datafield>
		<datafield ind1=" " ind2=" " tag="ITM">
			<subfield code="r">22327346820003811</subfield>
			<subfield code="b">1</subfield>
			<subfield code="h">0</subfield>
			<subfield code="g">p_remote</subfield>
			<subfield code="t">ISSUE</subfield>
			<subfield code="9">39074021773874</subfield>
			<subfield code="e">p_remote</subfield>
			<subfield code="8">23327346420003811</subfield>
			<subfield code="c">v.24 (Oct. 1949-Sep. 1950)</subfield>
			<subfield code="a">2</subfield>
			<subfield code="q">2017-06-20 13:47:51</subfield>
			<subfield code="i">N1.A415</subfield>
			<subfield code="d">KARDON</subfield>
			<subfield code="f">KARDON</subfield>
		</datafield>
		<datafield ind1=" " ind2=" " tag="ITM">
			<subfield code="r">22327346820003811</subfield>
			<subfield code="b">1</subfield>
			<subfield code="h">0</subfield>
			<subfield code="g">p_remote</subfield>
			<subfield code="t">ISSUE</subfield>
			<subfield code="9">39074021773866</subfield>
			<subfield code="e">p_remote</subfield>
			<subfield code="8">23327346430003811</subfield>
			<subfield code="c">v.23 (Oct. 1948-Sep. 1949)</subfield>
			<subfield code="a">2</subfield>
			<subfield code="q">2017-06-20 13:47:51</subfield>
			<subfield code="i">N1.A415</subfield>
			<subfield code="d">KARDON</subfield>
			<subfield code="f">KARDON</subfield>
		</datafield>
		<datafield ind1=" " ind2=" " tag="ITM">
			<subfield code="r">22327346820003811</subfield>
			<subfield code="b">1</subfield>
			<subfield code="h">0</subfield>
			<subfield code="g">p_remote</subfield>
			<subfield code="t">ISSUE</subfield>
			<subfield code="9">39074016917841</subfield>
			<subfield code="e">p_remote</subfield>
			<subfield code="8">23327346210003811</subfield>
			<subfield code="c">v.59 (Jan.-Sum. 1985)</subfield>
			<subfield code="a">2</subfield>
			<subfield code="q">2017-06-20 13:47:51</subfield>
			<subfield code="i">N1.A415</subfield>
			<subfield code="d">KARDON</subfield>
			<subfield code="f">KARDON</subfield>
		</datafield>
		<datafield ind1=" " ind2=" " tag="ITM">
			<subfield code="r">22327346080003811</subfield>
			<subfield code="b">1</subfield>
			<subfield code="h">0</subfield>
			<subfield code="g">stacks</subfield>
			<subfield code="t">ISSUE</subfield>
			<subfield code="9">39074016917981</subfield>
			<subfield code="e">stacks</subfield>
			<subfield code="8">23327346050003811</subfield>
			<subfield code="c">v.66 (1992)</subfield>
			<subfield code="a">2</subfield>
			<subfield code="q">2017-06-20 13:47:51</subfield>
			<subfield code="i">N1.A415</subfield>
			<subfield code="d">MAIN</subfield>
			<subfield code="f">MAIN</subfield>
		</datafield>
		<datafield ind1=" " ind2=" " tag="ITM">
			<subfield code="r">22327346080003811</subfield>
			<subfield code="b">1</subfield>
			<subfield code="h">0</subfield>
			<subfield code="g">stacks</subfield>
			<subfield code="t">ISSUE</subfield>
			<subfield code="9">39074016917999</subfield>
			<subfield code="e">stacks</subfield>
			<subfield code="8">23327346060003811</subfield>
			<subfield code="c">v.66 (Sep.-Dec. 1991)</subfield>
			<subfield code="a">2</subfield>
			<subfield code="q">2017-06-20 13:47:51</subfield>
			<subfield code="i">N1.A415</subfield>
			<subfield code="d">MAIN</subfield>
			<subfield code="f">MAIN</subfield>
		</datafield>
		<datafield ind1=" " ind2=" " tag="ITM">
			<subfield code="r">22327346820003811</subfield>
			<subfield code="b">1</subfield>
			<subfield code="h">0</subfield>
			<subfield code="g">p_remote</subfield>
			<subfield code="t">ISSUE</subfield>
			<subfield code="9">39074021775168</subfield>
			<subfield code="e">p_remote</subfield>
			<subfield code="8">23327346400003811</subfield>
			<subfield code="c">v.26 (Oct. 1951-Sep. 1952)</subfield>
			<subfield code="a">2</subfield>
			<subfield code="q">2017-06-20 13:47:51</subfield>
			<subfield code="i">N1.A415</subfield>
			<subfield code="d">KARDON</subfield>
			<subfield code="f">KARDON</subfield>
		</datafield>
		<datafield ind1=" " ind2=" " tag="ITM">
			<subfield code="r">22327346080003811</subfield>
			<subfield code="b">1</subfield>
			<subfield code="h">0</subfield>
			<subfield code="g">stacks</subfield>
			<subfield code="t">ISSUE</subfield>
			<subfield code="9">39074016917965</subfield>
			<subfield code="e">stacks</subfield>
			<subfield code="8">23327346070003811</subfield>
			<subfield code="c">v.65 (Jan.-Jun. 1991)</subfield>
			<subfield code="a">2</subfield>
			<subfield code="q">2017-06-20 13:47:51</subfield>
			<subfield code="i">N1.A415</subfield>
			<subfield code="d">MAIN</subfield>
			<subfield code="f">MAIN</subfield>
		</datafield>
		<datafield ind1=" " ind2=" " tag="ITM">
			<subfield code="r">22327346820003811</subfield>
			<subfield code="b">1</subfield>
			<subfield code="h">0</subfield>
			<subfield code="g">p_remote</subfield>
			<subfield code="t">ISSUE</subfield>
			<subfield code="9">39074016917817</subfield>
			<subfield code="e">p_remote</subfield>
			<subfield code="8">23327346250003811</subfield>
			<subfield code="c">v.57 (Sep.-Dec. 1982)</subfield>
			<subfield code="a">2</subfield>
			<subfield code="q">2017-06-20 13:47:51</subfield>
			<subfield code="i">N1.A415</subfield>
			<subfield code="d">KARDON</subfield>
			<subfield code="f">KARDON</subfield>
		</datafield>
		<datafield ind1=" " ind2=" " tag="ITM">
			<subfield code="r">22327346820003811</subfield>
			<subfield code="b">1</subfield>
			<subfield code="h">0</subfield>
			<subfield code="g">p_remote</subfield>
			<subfield code="t">ISSUE</subfield>
			<subfield code="9">39074016917833</subfield>
			<subfield code="e">p_remote</subfield>
			<subfield code="8">23327346230003811</subfield>
			<subfield code="c">v.58 (Sep.-Dec. 1983)</subfield>
			<subfield code="a">2</subfield>
			<subfield code="q">2017-06-20 13:47:51</subfield>
			<subfield code="i">N1.A415</subfield>
			<subfield code="d">KARDON</subfield>
			<subfield code="f">KARDON</subfield>
		</datafield>
		<datafield ind1=" " ind2=" " tag="ITM">
			<subfield code="r">22327346820003811</subfield>
			<subfield code="b">1</subfield>
			<subfield code="h">0</subfield>
			<subfield code="g">p_remote</subfield>
			<subfield code="t">ISSUE</subfield>
			<subfield code="9">39074016917783</subfield>
			<subfield code="e">p_remote</subfield>
			<subfield code="8">23327346270003811</subfield>
			<subfield code="c">v.56 (Sep.-Dec. 1981)</subfield>
			<subfield code="a">2</subfield>
			<subfield code="q">2017-06-20 13:47:51</subfield>
			<subfield code="i">N1.A415</subfield>
			<subfield code="d">KARDON</subfield>
			<subfield code="f">KARDON</subfield>
		</datafield>
		<datafield ind1=" " ind2=" " tag="ITM">
			<subfield code="r">22327346820003811</subfield>
			<subfield code="b">1</subfield>
			<subfield code="h">0</subfield>
			<subfield code="g">p_remote</subfield>
			<subfield code="t">ISSUE</subfield>
			<subfield code="9">39074016917825</subfield>
			<subfield code="e">p_remote</subfield>
			<subfield code="8">23327346220003811</subfield>
			<subfield code="c">v.58 (Jan.-Sum. 1984)</subfield>
			<subfield code="a">2</subfield>
			<subfield code="q">2017-06-20 13:47:51</subfield>
			<subfield code="i">N1.A415</subfield>
			<subfield code="d">KARDON</subfield>
			<subfield code="f">KARDON</subfield>
		</datafield>
		<datafield ind1=" " ind2=" " tag="ITM">
			<subfield code="r">22327346820003811</subfield>
			<subfield code="b">1</subfield>
			<subfield code="h">0</subfield>
			<subfield code="g">p_remote</subfield>
			<subfield code="t">ISSUE</subfield>
			<subfield code="9">39074016917809</subfield>
			<subfield code="e">p_remote</subfield>
			<subfield code="8">23327346240003811</subfield>
			<subfield code="c">v.57 (Jan.-Jun. 1983)</subfield>
			<subfield code="a">2</subfield>
			<subfield code="q">2017-06-20 13:47:51</subfield>
			<subfield code="i">N1.A415</subfield>
			<subfield code="d">KARDON</subfield>
			<subfield code="f">KARDON</subfield>
		</datafield>
		<datafield ind1=" " ind2=" " tag="ITM">
			<subfield code="r">22327346820003811</subfield>
			<subfield code="b">1</subfield>
			<subfield code="h">0</subfield>
			<subfield code="g">p_remote</subfield>
			<subfield code="t">ISSUE</subfield>
			<subfield code="9">39074016917791</subfield>
			<subfield code="e">p_remote</subfield>
			<subfield code="8">23327346260003811</subfield>
			<subfield code="c">v.56 (Jan.-Jun. 1982)</subfield>
			<subfield code="a">2</subfield>
			<subfield code="q">2017-06-20 13:47:51</subfield>
			<subfield code="i">N1.A415</subfield>
			<subfield code="d">KARDON</subfield>
			<subfield code="f">KARDON</subfield>
		</datafield>
		<datafield ind1=" " ind2=" " tag="ITM">
			<subfield code="r">22327346820003811</subfield>
			<subfield code="b">1</subfield>
			<subfield code="h">0</subfield>
			<subfield code="g">p_remote</subfield>
			<subfield code="t">ISSUE</subfield>
			<subfield code="9">39074016917858</subfield>
			<subfield code="e">p_remote</subfield>
			<subfield code="8">23327346200003811</subfield>
			<subfield code="c">v.59 (Sep.-Dec. 1984)</subfield>
			<subfield code="a">2</subfield>
			<subfield code="q">2017-06-20 13:47:51</subfield>
			<subfield code="i">N1.A415</subfield>
			<subfield code="d">KARDON</subfield>
			<subfield code="f">KARDON</subfield>
		</datafield>
		<datafield ind1=" " ind2=" " tag="ITM">
			<subfield code="r">22327346820003811</subfield>
			<subfield code="b">1</subfield>
			<subfield code="h">0</subfield>
			<subfield code="g">p_remote</subfield>
			<subfield code="t">ISSUE</subfield>
			<subfield code="9">39074016927360</subfield>
			<subfield code="e">p_remote</subfield>
			<subfield code="8">23327346780003811</subfield>
			<subfield code="c">v.33 (Oct. 1958-Sep. 1959)</subfield>
			<subfield code="a">2</subfield>
			<subfield code="q">2017-06-20 13:47:51</subfield>
			<subfield code="i">N1.A415</subfield>
			<subfield code="d">KARDON</subfield>
			<subfield code="f">KARDON</subfield>
		</datafield>
		<datafield ind1=" " ind2=" " tag="ITM">
			<subfield code="r">22327346820003811</subfield>
			<subfield code="b">1</subfield>
			<subfield code="h">0</subfield>
			<subfield code="g">p_remote</subfield>
			<subfield code="t">ISSUE</subfield>
			<subfield code="9">39074016927477</subfield>
			<subfield code="e">p_remote</subfield>
			<subfield code="8">23327346670003811</subfield>
			<subfield code="c">v.47 (Sep. 1972-Jun. 1973)</subfield>
			<subfield code="a">2</subfield>
			<subfield code="q">2017-06-20 13:47:51</subfield>
			<subfield code="i">N1.A415</subfield>
			<subfield code="d">KARDON</subfield>
			<subfield code="f">KARDON</subfield>
		</datafield>
		<datafield ind1=" " ind2=" " tag="ITM">
			<subfield code="r">22327346820003811</subfield>
			<subfield code="b">1</subfield>
			<subfield code="h">0</subfield>
			<subfield code="g">p_remote</subfield>
			<subfield code="t">ISSUE</subfield>
			<subfield code="9">39074016927444</subfield>
			<subfield code="e">p_remote</subfield>
			<subfield code="8">23327346690003811</subfield>
			<subfield code="c">v.44 (Sep. 1969-Sum. 1970)</subfield>
			<subfield code="a">2</subfield>
			<subfield code="q">2017-06-20 13:47:51</subfield>
			<subfield code="i">N1.A415</subfield>
			<subfield code="d">KARDON</subfield>
			<subfield code="f">KARDON</subfield>
		</datafield>
		<datafield ind1=" " ind2=" " tag="ITM">
			<subfield code="r">22327346820003811</subfield>
			<subfield code="b">1</subfield>
			<subfield code="h">0</subfield>
			<subfield code="g">p_remote</subfield>
			<subfield code="t">ISSUE</subfield>
			<subfield code="9">39074016927402</subfield>
			<subfield code="e">p_remote</subfield>
			<subfield code="8">23327346740003811</subfield>
			<subfield code="c">v.37 (Oct. 1962-Sep. 1963)</subfield>
			<subfield code="a">2</subfield>
			<subfield code="q">2017-06-20 13:47:51</subfield>
			<subfield code="i">N1.A415</subfield>
			<subfield code="d">KARDON</subfield>
			<subfield code="f">KARDON</subfield>
		</datafield>
		<datafield ind1=" " ind2=" " tag="ITM">
			<subfield code="r">22327346820003811</subfield>
			<subfield code="b">1</subfield>
			<subfield code="h">0</subfield>
			<subfield code="g">p_remote</subfield>
			<subfield code="t">ISSUE</subfield>
			<subfield code="9">39074016927386</subfield>
			<subfield code="e">p_remote</subfield>
			<subfield code="8">23327346760003811</subfield>
			<subfield code="c">v.35 (Oct. 1960-Sep. 1961)</subfield>
			<subfield code="a">2</subfield>
			<subfield code="q">2017-06-20 13:47:51</subfield>
			<subfield code="i">N1.A415</subfield>
			<subfield code="d">KARDON</subfield>
			<subfield code="f">KARDON</subfield>
		</datafield>
		<datafield ind1=" " ind2=" " tag="ITM">
			<subfield code="r">22327346820003811</subfield>
			<subfield code="b">1</subfield>
			<subfield code="h">0</subfield>
			<subfield code="g">p_remote</subfield>
			<subfield code="t">ISSUE</subfield>
			<subfield code="9">39074016927337</subfield>
			<subfield code="e">p_remote</subfield>
			<subfield code="8">23327346810003811</subfield>
			<subfield code="c">v.30 (Oct. 1955-Sep. 1956)</subfield>
			<subfield code="a">2</subfield>
			<subfield code="q">2017-06-20 13:47:51</subfield>
			<subfield code="i">N1.A415</subfield>
			<subfield code="d">KARDON</subfield>
			<subfield code="f">KARDON</subfield>
		</datafield>
	</record>