
	<record>
		<leader>02016cam a2200481Ia 4500</leader>
		<controlfield tag="005">20181129111817.0</controlfield>
		<controlfield tag="008">180216s2017 gw ah bc 000 0dger d</controlfield>
		<controlfield tag="001">991036959704703811</controlfield>
		<datafield ind1=" " ind2=" " tag="019">
			<subfield code="a">1013971772</subfield>
		</datafield>
		<datafield ind1=" " ind2=" " tag="020">
			<subfield code="a">9783735640321</subfield>
			<subfield code="q">(hd.bd.)</subfield>
		</datafield>
		<datafield ind1=" " ind2=" " tag="020">
			<subfield code="a">373564032X</subfield>
			<subfield code="q">(hd.bd.)</subfield>
		</datafield>
		<datafield ind1="3" ind2=" " tag="024">
			<subfield code="a">9783735640321</subfield>
		</datafield>
		<datafield ind1=" " ind2=" " tag="035">
			<subfield code="a">(OCoLC)1023608480</subfield>
			<subfield code="z">(OCoLC)1013971772</subfield>
		</datafield>
		<datafield ind1=" " ind2=" " tag="035">
			<subfield code="a">(OCoLC)on1023608480</subfield>
		</datafield>
		<datafield ind1=" " ind2=" " tag="040">
			<subfield code="a">OHX</subfield>
			<subfield code="b">eng</subfield>
			<subfield code="c">OHX</subfield>
			<subfield code="d">YDX</subfield>
			<subfield code="d">JPG</subfield>
			<subfield code="d">OCLCF</subfield>
			<subfield code="d">NYP</subfield>
			<subfield code="d">WYU</subfield>
			<subfield code="d">PPT</subfield>
		</datafield>
		<datafield ind1="1" ind2=" " tag="041">
			<subfield code="a">ger</subfield>
			<subfield code="a">eng</subfield>
			<subfield code="h">ger</subfield>
		</datafield>
		<datafield ind1=" " ind2="4" tag="050">
			<subfield code="a">N6797.D443</subfield>
			<subfield code="b">A4 2017</subfield>
		</datafield>
		<datafield ind1=" " ind2="7" tag="072">
			<subfield code="a">N</subfield>
			<subfield code="2">lcco</subfield>
		</datafield>
		<datafield ind1="0" ind2="4" tag="082">
			<subfield code="a">709.2</subfield>
			<subfield code="2">23</subfield>
		</datafield>
		<datafield ind1=" " ind2=" " tag="090">
			<subfield code="a">NB497.D44</subfield>
			<subfield code="b">A4 2017</subfield>
		</datafield>
		<datafield ind1="1" ind2=" " tag="100">
			<subfield code="a">Deacon, Richard,</subfield>
			<subfield code="d">1949-</subfield>
		</datafield>
		<datafield ind1="1" ind2="0" tag="245">
			<subfield code="a">Richard Deacon :</subfield>
			<subfield code="b">About time /</subfield>
			<subfield code="c">Herausgeber, Marc Gundel mit Rita E. Täuber, im Auftrag der Stadt Heilbronn ; Übersetzung, Nikolaus Schneider, Lisa Davey, Alexandra Titze-Grabec.</subfield>
		</datafield>
		<datafield ind1="3" ind2="0" tag="246">
			<subfield code="a">About time</subfield>
		</datafield>
		<datafield ind1=" " ind2=" " tag="260">
			<subfield code="a">Bielefeld :</subfield>
			<subfield code="b">Kerber Verlag,</subfield>
			<subfield code="c">©2017.</subfield>
		</datafield>
		<datafield ind1=" " ind2=" " tag="300">
			<subfield code="a">127 pages :</subfield>
			<subfield code="b">illustrations (chiefly color), facsimiles ;</subfield>
			<subfield code="c">22 cm. +</subfield>
			<subfield code="e">1 supplement (72 pages : color illustrations).</subfield>
		</datafield>
		<datafield ind1=" " ind2=" " tag="336">
			<subfield code="a">text</subfield>
			<subfield code="b">txt</subfield>
			<subfield code="2">rdacontent</subfield>
		</datafield>
		<datafield ind1=" " ind2=" " tag="337">
			<subfield code="a">unmediated</subfield>
			<subfield code="b">n</subfield>
			<subfield code="2">rdamedia</subfield>
		</datafield>
		<datafield ind1=" " ind2=" " tag="338">
			<subfield code="a">volume</subfield>
			<subfield code="b">nc</subfield>
			<subfield code="2">rdacarrier</subfield>
		</datafield>
		<datafield ind1="1" ind2=" " tag="490">
			<subfield code="a">Kerber art</subfield>
		</datafield>
		<datafield ind1=" " ind2=" " tag="500">
			<subfield code="a">Supplement contains the translation of the German text into English.</subfield>
		</datafield>
		<datafield ind1=" " ind2=" " tag="500">
			<subfield code="a">On the occasion of the exhibition "Richard Deacon - About Time. Ernst Franz Vogelmann Prize 2017" held at Städtische Museen Heilbronn, Kunsthalle Vogelmann, October 29, 2017 - February 25, 2018.</subfield>
		</datafield>
		<datafield ind1=" " ind2=" " tag="504">
			<subfield code="a">Includes bibliographical references.</subfield>
		</datafield>
		<datafield ind1=" " ind2=" " tag="546">
			<subfield code="a">German and English.</subfield>
		</datafield>
		<datafield ind1="1" ind2="0" tag="600">
			<subfield code="a">Deacon, Richard,</subfield>
			<subfield code="d">1949-</subfield>
			<subfield code="v">Exhibitions.</subfield>
		</datafield>
		<datafield ind1="1" ind2="7" tag="600">
			<subfield code="a">Deacon, Richard,</subfield>
			<subfield code="d">1949-</subfield>
			<subfield code="2">fast</subfield>
			<subfield code="0">(OCoLC)fst00178130</subfield>
		</datafield>
		<datafield ind1=" " ind2="7" tag="655">
			<subfield code="a">Exhibition catalogs.</subfield>
			<subfield code="2">fast</subfield>
			<subfield code="0">(OCoLC)fst01424028</subfield>
		</datafield>
		<datafield ind1="1" ind2=" " tag="700">
			<subfield code="a">Gundel, Marc.</subfield>
		</datafield>
		<datafield ind1="1" ind2=" " tag="700">
			<subfield code="a">Täuber, Rita E.,</subfield>
			<subfield code="d">1962-</subfield>
		</datafield>
		<datafield ind1="1" ind2=" " tag="710">
			<subfield code="a">Heilbronn (Germany)</subfield>
		</datafield>
		<datafield ind1="2" ind2=" " tag="710">
			<subfield code="a">Kunsthalle Vogelmann.</subfield>
		</datafield>
		<datafield ind1=" " ind2="0" tag="830">
			<subfield code="a">Kerber art.</subfield>
		</datafield>
		<datafield ind1=" " ind2=" " tag="979">
			<subfield code="a">on1023608480</subfield>
		</datafield>
		<datafield ind1=" " ind2=" " tag="997">
			<subfield code="a">20181129105748.0</subfield>
			<subfield code="c">CEP</subfield>
			<subfield code="d">TEU</subfield>
			<subfield code="s">OCLC</subfield>
		</datafield>
		<datafield ind1=" " ind2=" " tag="ADM">
			<subfield code="b">2018-11-29 11:30:15 US/Eastern</subfield>
			<subfield code="e">on1023608480</subfield>
			<subfield code="d">WorldCat</subfield>
			<subfield code="f">20181129105748.0</subfield>
			<subfield code="a">2018-11-29 11:07:09 US/Eastern</subfield>
			<subfield code="c">false</subfield>
		</datafield>
		<datafield ind1="0" ind2=" " tag="HLD">
			<subfield code="b">MAIN</subfield>
			<subfield code="c">stacks</subfield>
			<subfield code="h">NB497.D44</subfield>
			<subfield code="i">A4 2017</subfield>
			<subfield code="8">22439438330003811</subfield>
		</datafield>
		<datafield ind1=" " ind2=" " tag="ITM">
			<subfield code="r">22439438330003811</subfield>
			<subfield code="b">1</subfield>
			<subfield code="h">0</subfield>
			<subfield code="g">stacks</subfield>
			<subfield code="t">BOOK</subfield>
			<subfield code="9">39074031712128</subfield>
			<subfield code="e">stacks</subfield>
			<subfield code="8">23439438300003811</subfield>
			<subfield code="c">suppl. </subfield>
			<subfield code="a">0</subfield>
			<subfield code="q">2018-11-29 16:20:55</subfield>
			<subfield code="i">NB497.D44 A4 2017</subfield>
			<subfield code="d">MAIN</subfield>
			<subfield code="f">MAIN</subfield>
		</datafield>
		<datafield ind1=" " ind2=" " tag="ITM">
			<subfield code="r">22439438330003811</subfield>
			<subfield code="b">0</subfield>
			<subfield code="u">LOAN</subfield>
			<subfield code="h">0</subfield>
			<subfield code="g">stacks</subfield>
			<subfield code="t">BOOK</subfield>
			<subfield code="9">39074031711971</subfield>
			<subfield code="e">stacks</subfield>
			<subfield code="8">23439438310003811</subfield>
			<subfield code="a">0</subfield>
			<subfield code="q">2018-11-29 16:20:11</subfield>
			<subfield code="i">NB497.D44 A4 2017</subfield>
			<subfield code="d">MAIN</subfield>
			<subfield code="f">MAIN</subfield>
		</datafield>
	</record>