
	<record>
		<leader>01576ngm a2200457Ki 4500</leader>
		<controlfield tag="005">20180927105817.0</controlfield>
		<controlfield tag="007">vd cvaizu</controlfield>
		<controlfield tag="008">160201s2014 097 vleng d</controlfield>
		<controlfield tag="001">991019830779703811</controlfield>
		<datafield ind1=" " ind2=" " tag="035">
			<subfield code="a">(PPT)b60716435-01tuli_inst</subfield>
		</datafield>
		<datafield ind1=" " ind2=" " tag="035">
			<subfield code="a">ocn940663664</subfield>
		</datafield>
		<datafield ind1=" " ind2=" " tag="035">
			<subfield code="a">(OCLC)ocn940663664</subfield>
		</datafield>
		<datafield ind1=" " ind2=" " tag="040">
			<subfield code="a">PPT</subfield>
			<subfield code="b">eng</subfield>
			<subfield code="e">rda</subfield>
			<subfield code="c">PPT</subfield>
		</datafield>
		<datafield ind1="0" ind2=" " tag="041">
			<subfield code="a">chieng</subfield>
			<subfield code="j">engchi</subfield>
		</datafield>
		<datafield ind1=" " ind2=" " tag="079">
			<subfield code="a">ocn940663664</subfield>
		</datafield>
		<datafield ind1=" " ind2=" " tag="099">
			<subfield code="a">MFA THES 2014</subfield>
		</datafield>
		<datafield ind1="1" ind2=" " tag="100">
			<subfield code="a">Guo, Haitao</subfield>
			<subfield code="c">(Filmmaker),</subfield>
			<subfield code="e">filmmaker.</subfield>
		</datafield>
		<datafield ind1="1" ind2="2" tag="245">
			<subfield code="a">A Peking Opera master in New York.</subfield>
		</datafield>
		<datafield ind1=" " ind2="0" tag="264">
			<subfield code="a">[Place of production not identified] :</subfield>
			<subfield code="b">Haitao Guo,</subfield>
			<subfield code="c">2014.</subfield>
		</datafield>
		<datafield ind1=" " ind2=" " tag="300">
			<subfield code="a">1 videodisc (97 minutes) :</subfield>
			<subfield code="b">sound, color ;</subfield>
			<subfield code="c">4 3/4 inches. </subfield>
		</datafield>
		<datafield ind1=" " ind2=" " tag="336">
			<subfield code="a">two-dimensional moving image</subfield>
			<subfield code="b">tdi</subfield>
			<subfield code="2">rdacontent</subfield>
		</datafield>
		<datafield ind1=" " ind2=" " tag="337">
			<subfield code="a">video</subfield>
			<subfield code="b">v</subfield>
			<subfield code="2">rdamedia</subfield>
		</datafield>
		<datafield ind1=" " ind2=" " tag="338">
			<subfield code="a">videodisc</subfield>
			<subfield code="b">vd</subfield>
			<subfield code="2">rdacarrier</subfield>
		</datafield>
		<datafield ind1=" " ind2=" " tag="340">
			<subfield code="a">DVD video</subfield>
			<subfield code="b">4 3/4 in.</subfield>
			<subfield code="2">rda</subfield>
		</datafield>
		<datafield ind1=" " ind2=" " tag="344">
			<subfield code="a">digital</subfield>
			<subfield code="b">optical</subfield>
			<subfield code="2">rda</subfield>
		</datafield>
		<datafield ind1=" " ind2=" " tag="502">
			<subfield code="b">M.F.A.,</subfield>
			<subfield code="c">Temple University,</subfield>
			<subfield code="d">2014.</subfield>
		</datafield>
		<datafield ind1=" " ind2=" " tag="538">
			<subfield code="a">DVD.</subfield>
		</datafield>
		<datafield ind1=" " ind2=" " tag="546">
			<subfield code="a">In Chinese and English, with English and Chinese subtitles.</subfield>
		</datafield>
		<datafield ind1=" " ind2=" " tag="590">
			<subfield code="a">Library lacks the accompanying production notebook.</subfield>
		</datafield>
		<datafield ind1=" " ind2="7" tag="655">
			<subfield code="a">Documentary films.</subfield>
			<subfield code="2">lcgft</subfield>
		</datafield>
		<datafield ind1=" " ind2="7" tag="655">
			<subfield code="a">Foreign language films</subfield>
			<subfield code="x">Chinese.</subfield>
			<subfield code="2">local</subfield>
		</datafield>
		<datafield ind1=" " ind2="4" tag="690">
			<subfield code="a">Film and Media Arts</subfield>
			<subfield code="x">Temple University Theses.</subfield>
		</datafield>
		<datafield ind1=" " ind2="4" tag="690">
			<subfield code="a">Temple University</subfield>
			<subfield code="x">Theses.</subfield>
		</datafield>
		<datafield ind1="2" ind2=" " tag="710">
			<subfield code="a">Temple University,</subfield>
			<subfield code="e">degree granting institution.</subfield>
		</datafield>
		<datafield ind1=" " ind2=" " tag="902">
			<subfield code="a">160224</subfield>
		</datafield>
		<datafield ind1=" " ind2=" " tag="907">
			<subfield code="a">.b60716435</subfield>
			<subfield code="b">s </subfield>
			<subfield code="c">g</subfield>
		</datafield>
		<datafield ind1=" " ind2=" " tag="945">
			<subfield code="l">scrc </subfield>
			<subfield code="g">1</subfield>
		</datafield>
		<datafield ind1="0" ind2="8" tag="974">
			<subfield code="t">SCRC General Books</subfield>
		</datafield>
		<datafield ind1=" " ind2=" " tag="979">
			<subfield code="a">ocn940663664</subfield>
		</datafield>
		<datafield ind1=" " ind2=" " tag="998">
			<subfield code="b">0</subfield>
			<subfield code="c">160202</subfield>
			<subfield code="d">m</subfield>
			<subfield code="e">g</subfield>
			<subfield code="f">g</subfield>
			<subfield code="g">2</subfield>
		</datafield>
		<datafield ind1=" " ind2=" " tag="998">
			<subfield code="a">2/1/2016</subfield>
			<subfield code="s">DISS</subfield>
			<subfield code="c">CDC</subfield>
		</datafield>
		<datafield ind1=" " ind2=" " tag="ADM">
			<subfield code="b">2018-09-27 14:58:17</subfield>
			<subfield code="e">b60716435-01tuli_inst</subfield>
			<subfield code="d">ILS</subfield>
			<subfield code="a">2017-06-20 05:58:16</subfield>
			<subfield code="c">false</subfield>
		</datafield>
		<datafield ind1="8" ind2=" " tag="HLD">
			<subfield code="b">SCRC</subfield>
			<subfield code="c">rarestacks</subfield>
			<subfield code="h">MFA THES 2014</subfield>
			<subfield code="8">22238625970003811</subfield>
			<subfield code="updated">2019-08-11 08:14:19</subfield>
			<subfield code="created">2017-06-20 05:58:16</subfield>
		</datafield>
		<datafield ind1=" " ind2=" " tag="ITM">
			<subfield code="r">22238625970003811</subfield>
			<subfield code="b">1</subfield>
			<subfield code="h">8</subfield>
			<subfield code="g">rarestacks</subfield>
			<subfield code="t">OTHER</subfield>
			<subfield code="9">39074026909150</subfield>
			<subfield code="e">rarestacks</subfield>
			<subfield code="8">23238625950003811</subfield>
			<subfield code="a">4</subfield>
			<subfield code="i">MFA THES 2014</subfield>
			<subfield code="updated">2018-09-24 18:44:51</subfield>
			<subfield code="q">2017-06-20 05:58:16</subfield>
			<subfield code="d">SCRC</subfield>
			<subfield code="f">SCRC</subfield>
		</datafield>
	</record>