
	<record>
		<leader>03556cam a2200577Ii 4500</leader>
		<controlfield tag="005">20190716035954.0</controlfield>
		<controlfield tag="008">160504t20172017nyu 000 f eng d</controlfield>
		<controlfield tag="001">991030159019703811</controlfield>
		<datafield ind1=" " ind2=" " tag="020">
			<subfield code="a">9781101947371</subfield>
			<subfield code="q">(hardcover)</subfield>
		</datafield>
		<datafield ind1=" " ind2=" " tag="020">
			<subfield code="a">1101947373</subfield>
			<subfield code="q">(hardcover)</subfield>
		</datafield>
		<datafield ind1=" " ind2=" " tag="020">
			<subfield code="z">9781101947388</subfield>
			<subfield code="q">(ebook)</subfield>
		</datafield>
		<datafield ind1=" " ind2=" " tag="020">
			<subfield code="a">9781524711030</subfield>
			<subfield code="q">(open market ;)</subfield>
			<subfield code="q">(paperback)</subfield>
		</datafield>
		<datafield ind1=" " ind2=" " tag="020">
			<subfield code="a">1524711039</subfield>
			<subfield code="q">(open market ;)</subfield>
			<subfield code="q">(paperback)</subfield>
		</datafield>
		<datafield ind1=" " ind2=" " tag="035">
			<subfield code="a">(PPT)b64143697-01tuli_inst</subfield>
		</datafield>
		<datafield ind1=" " ind2=" " tag="035">
			<subfield code="a">(OCoLC)948734278</subfield>
		</datafield>
		<datafield ind1=" " ind2=" " tag="035">
			<subfield code="a">ocn948734278</subfield>
		</datafield>
		<datafield ind1=" " ind2=" " tag="035">
			<subfield code="a">(OCLC)ocn948734278</subfield>
		</datafield>
		<datafield ind1=" " ind2=" " tag="040">
			<subfield code="a">YDXCP</subfield>
			<subfield code="b">eng</subfield>
			<subfield code="e">rda</subfield>
			<subfield code="e">rda</subfield>
			<subfield code="c">YDXCP</subfield>
			<subfield code="d">BTCTA</subfield>
			<subfield code="d">BDX</subfield>
			<subfield code="d">WIM</subfield>
			<subfield code="d">OCLCQ</subfield>
			<subfield code="d">HQD</subfield>
			<subfield code="d">ZQP</subfield>
			<subfield code="d">OCLCO</subfield>
			<subfield code="d">IEP</subfield>
			<subfield code="d">WIM</subfield>
			<subfield code="d">JAI</subfield>
			<subfield code="d">VP@</subfield>
			<subfield code="d">A7U</subfield>
			<subfield code="d">IGA</subfield>
			<subfield code="d">ATPTT</subfield>
			<subfield code="d">GZN</subfield>
			<subfield code="d">T7R</subfield>
			<subfield code="d">TXMAL</subfield>
			<subfield code="d">OCLCF</subfield>
			<subfield code="d">UAB</subfield>
			<subfield code="d">ZYU</subfield>
			<subfield code="d">OCL</subfield>
		</datafield>
		<datafield ind1=" " ind2=" " tag="043">
			<subfield code="a">a-tu---</subfield>
			<subfield code="a">a-sy---</subfield>
		</datafield>
		<datafield ind1=" " ind2=" " tag="079">
			<subfield code="a">ocn948734278</subfield>
		</datafield>
		<datafield ind1=" " ind2=" " tag="090">
			<subfield code="a">PS3601.C5456</subfield>
			<subfield code="b">D37 2017</subfield>
		</datafield>
		<datafield ind1="1" ind2=" " tag="100">
			<subfield code="a">Ackerman, Elliot</subfield>
			<subfield code="e">author.</subfield>
			<subfield code="0">http://id.loc.gov/authorities/names/n2014051917</subfield>
		</datafield>
		<datafield ind1="1" ind2="0" tag="245">
			<subfield code="a">Dark at the crossing /</subfield>
			<subfield code="c">Elliot Ackerman.</subfield>
		</datafield>
		<datafield ind1=" " ind2=" " tag="250">
			<subfield code="a">First Edition.</subfield>
		</datafield>
		<datafield ind1=" " ind2="1" tag="264">
			<subfield code="a">New York :</subfield>
			<subfield code="b">Alfred A. Knopf,</subfield>
			<subfield code="c">2017.</subfield>
		</datafield>
		<datafield ind1=" " ind2="4" tag="264">
			<subfield code="c">©2017</subfield>
		</datafield>
		<datafield ind1=" " ind2=" " tag="300">
			<subfield code="a">237 pages ;</subfield>
			<subfield code="c">25 cm</subfield>
		</datafield>
		<datafield ind1=" " ind2=" " tag="336">
			<subfield code="a">text</subfield>
			<subfield code="b">txt</subfield>
			<subfield code="2">rdacontent</subfield>
		</datafield>
		<datafield ind1=" " ind2=" " tag="337">
			<subfield code="a">unmediated</subfield>
			<subfield code="b">n</subfield>
			<subfield code="2">rdamedia</subfield>
		</datafield>
		<datafield ind1=" " ind2=" " tag="338">
			<subfield code="a">volume</subfield>
			<subfield code="b">nc</subfield>
			<subfield code="2">rdacarrier</subfield>
		</datafield>
		<datafield ind1=" " ind2=" " tag="500">
			<subfield code="a">"This is a Borzoi book."--Title page verso.</subfield>
		</datafield>
		<datafield ind1=" " ind2=" " tag="520">
			<subfield code="a">"A timely new novel of stunning humanity and tension: a contemporary love story set on the Turkish border with Syria. Haris Abadi is a man in search of a cause. An Arab American with a conflicted past, he is now in Turkey, attempting to cross into Syria and join the fight against Bashar al-Assad's regime. But he is robbed before he can make it, and is taken in by Amir, a charismatic Syrian refugee and former revolutionary, and Amir's wife, Daphne, a sophisticated beauty haunted by grief. As it becomes clear that Daphne is also desperate to return to Syria, Haris's choices become ever more wrenching: Whose side is he really on? Is he a true radical or simply an idealist? And will he be able to bring meaning to a life of increasing frustration and helplessness? Told with compassion and a deft hand, Dark at the Crossing is an exploration of loss, of second chances, and of why we choose to believe-a trenchantly observed novel of raw urgency and power."-Provided by publisher.</subfield>
		</datafield>
		<datafield ind1=" " ind2="0" tag="650">
			<subfield code="a">Arab Americans</subfield>
			<subfield code="z">Turkey</subfield>
			<subfield code="v">Fiction.</subfield>
			<subfield code="0">http://id.loc.gov/authorities/subjects/sh85006277</subfield>
			<subfield code="0">http://id.loc.gov/authorities/names/n80070818</subfield>
			<subfield code="0">http://id.loc.gov/authorities/subjects/sh99001562</subfield>
		</datafield>
		<datafield ind1=" " ind2="7" tag="650">
			<subfield code="a">Arab Americans.</subfield>
			<subfield code="2">fast</subfield>
			<subfield code="0">http://id.worldcat.org/fast/812200</subfield>
		</datafield>
		<datafield ind1=" " ind2="0" tag="650">
			<subfield code="a">Refugees</subfield>
			<subfield code="z">Syria</subfield>
			<subfield code="v">Fiction.</subfield>
			<subfield code="0">http://id.loc.gov/authorities/subjects/sh85112299</subfield>
			<subfield code="0">http://id.loc.gov/authorities/names/n80061798</subfield>
			<subfield code="0">http://id.loc.gov/authorities/subjects/sh99001562</subfield>
		</datafield>
		<datafield ind1=" " ind2="7" tag="650">
			<subfield code="a">Refugees.</subfield>
			<subfield code="2">fast</subfield>
			<subfield code="0">http://id.worldcat.org/fast/1092797</subfield>
		</datafield>
		<datafield ind1=" " ind2="0" tag="651">
			<subfield code="a">Turkey</subfield>
			<subfield code="v">Fiction.</subfield>
			<subfield code="0">http://id.loc.gov/authorities/subjects/sh2008113023</subfield>
		</datafield>
		<datafield ind1=" " ind2="7" tag="651">
			<subfield code="a">Turkey.</subfield>
			<subfield code="2">fast</subfield>
			<subfield code="0">http://id.worldcat.org/fast/1208963</subfield>
		</datafield>
		<datafield ind1=" " ind2="7" tag="651">
			<subfield code="a">Syria.</subfield>
			<subfield code="2">fast</subfield>
			<subfield code="0">http://id.worldcat.org/fast/1208757</subfield>
		</datafield>
		<datafield ind1=" " ind2="7" tag="655">
			<subfield code="a">Fiction.</subfield>
			<subfield code="2">fast</subfield>
			<subfield code="0">http://id.worldcat.org/fast/1423787</subfield>
		</datafield>
		<datafield ind1=" " ind2="7" tag="655">
			<subfield code="a">Romance fiction.</subfield>
			<subfield code="2">fast</subfield>
			<subfield code="0">http://id.worldcat.org/fast/1921732</subfield>
		</datafield>
		<datafield ind1=" " ind2="7" tag="655">
			<subfield code="a">Novels.</subfield>
			<subfield code="2">lcgft</subfield>
			<subfield code="0">http://id.loc.gov/authorities/genreForms/gf2015026020</subfield>
		</datafield>
		<datafield ind1=" " ind2="7" tag="655">
			<subfield code="a">Novels.</subfield>
			<subfield code="2">fast</subfield>
			<subfield code="0">http://id.worldcat.org/fast/1921742</subfield>
		</datafield>
		<datafield ind1=" " ind2=" " tag="902">
			<subfield code="a">170406</subfield>
		</datafield>
		<datafield ind1=" " ind2=" " tag="902">
			<subfield code="a">MARCIVE-BF 20190703</subfield>
		</datafield>
		<datafield ind1=" " ind2=" " tag="904">
			<subfield code="a">MARCIVE 20190703</subfield>
		</datafield>
		<datafield ind1=" " ind2=" " tag="907">
			<subfield code="a">.b64143697</subfield>
			<subfield code="b">p </subfield>
			<subfield code="c">-</subfield>
		</datafield>
		<datafield ind1=" " ind2=" " tag="945">
			<subfield code="l">pstk </subfield>
			<subfield code="g">1</subfield>
		</datafield>
		<datafield ind1=" " ind2=" " tag="979">
			<subfield code="a">ocn948734278</subfield>
		</datafield>
		<datafield ind1=" " ind2=" " tag="998">
			<subfield code="b">1</subfield>
			<subfield code="c">170307</subfield>
			<subfield code="d">m</subfield>
			<subfield code="e">a</subfield>
			<subfield code="f">-</subfield>
			<subfield code="g">0</subfield>
		</datafield>
		<datafield ind1=" " ind2=" " tag="998">
			<subfield code="a">03/07/2017</subfield>
			<subfield code="s">OCLC</subfield>
			<subfield code="c">lks</subfield>
		</datafield>
		<datafield ind1=" " ind2=" " tag="ADM">
			<subfield code="b">2019-07-16 07:59:55</subfield>
			<subfield code="e">b64143697-01tuli_inst</subfield>
			<subfield code="d">MARCIVE</subfield>
			<subfield code="f">20190607195201.0</subfield>
			<subfield code="a">2017-06-20 06:12:25</subfield>
			<subfield code="c">false</subfield>
		</datafield>
		<datafield ind1="0" ind2=" " tag="HLD">
			<subfield code="b">MAIN</subfield>
			<subfield code="c">stacks</subfield>
			<subfield code="h">PS3601.C5456</subfield>
			<subfield code="i">D37 2017</subfield>
			<subfield code="8">22243113010003811</subfield>
			<subfield code="updated">2019-08-11 09:52:54</subfield>
			<subfield code="created">2017-06-20 06:12:25</subfield>
		</datafield>
		<datafield ind1=" " ind2=" " tag="ITM">
			<subfield code="r">22243113010003811</subfield>
			<subfield code="b">1</subfield>
			<subfield code="h">0</subfield>
			<subfield code="g">stacks</subfield>
			<subfield code="t">BOOK</subfield>
			<subfield code="9">39074030196414</subfield>
			<subfield code="e">stacks</subfield>
			<subfield code="8">23243112990003811</subfield>
			<subfield code="a">0</subfield>
			<subfield code="i">PS3601.C5456 D37 2017</subfield>
			<subfield code="updated">2017-06-20 06:13:01</subfield>
			<subfield code="q">2017-06-20 06:12:25</subfield>
			<subfield code="d">MAIN</subfield>
			<subfield code="f">MAIN</subfield>
		</datafield>
	</record>
</collection>
